2117 3942
253 383 332 482 236
397 395 421 439 ·‘
448 381 703 453 ''OnArro
756 443 758 447 .

252 497 409 582 pertinacia
426 515 474 558 aut
492 496 651 559 constantii
669 494 863 560 intercessoris
881 488 942 558 oti*

250 596 299 639 tut
314 579 387 659 saepe
403 577 504 638 seditio
520 623 529 651 ,
551 580 636 658 culpi
649 596 735 660 atque
751 578 942 659 improbitate

250 661 374 741 latoris,
404 659 565 718 commodo
584 660 682 740 aliquo
702 661 867 739 impetitis,
892 674 943 718 aut

251 738 406 820 largitione
423 738 574 818 propositi
593 760 601 798 ι
623 742 713 798 oritur
731 760 768 799 ex
786 749 944 799 concerta·

254 821 336 879 tione
354 817 586 899 magistratuum:
603 822 693 879 oritur
707 818 812 878 sensim
828 839 868 881 ex
884 819 945 879 cla·

254 912 340 958 more
359 900 509 977 primbm,
532 898 638 958 deinde
648 899 749 978 aliqud
766 897 944 960 discessione

253 981 408 1038 concionis
426 999 433 1036 ε
451 980 521 1048 vix,
543 977 605 1038 setb
616 1023 632 1054 ,
650 979 683 1037 bc
700 979 765 1036 rarb
786 978 824 1036 ad
840 998 944 1038 manus

253 1060 426 1140 pervenitur
437 1079 446 1117 .·
457 1057 537 1116 nullo
552 1059 626 1118 verb
640 1058 734 1117 verbo
751 1056 828 1132 faslo
841 1103 851 1132 ‚
866 1059 946 1117 nulls

256 1143 403 1198 concione
426 1137 600 1210 advocati,
627 1137 705 1196 nulli
733 1138 799 1218 lege
825 1136 945 1198 recitata

256 1222 433 1278 concitatam
449 1216 618 1277 noslurnam
631 1216 802 1278 seditionem
816 1220 882 1299 quis
896 1237 947 1278 au·

256 1298 357 1358 divit?
889 1332 892 1339 ·
935 1332 938 1338 ·

256 1407 265 1415 ·
301 1378 351 1456 78.
372 1375 421 1436 An
441 1376 596 1436 verisimile
614 1374 675 1449 est,
695 1393 726 1436 ut
745 1378 815 1436 civis
832 1375 947 1441 Roma

259 1478 313 1518 nus
329 1504 339 1531 ,
363 1473 412 1516 aut
429 1456 521 1516 homo
540 1458 614 1516 liber
632 1455 778 1537 quisquam
795 1477 863 1516 cum
880 1458 948 1539 gla-¹

257 1538 310 1598 dio
328 1540 357 1597 in
376 1536 472 1596 sorum
487 1536 665 1596 descenderit
683 1554 750 1598 ante
770 1538 887 1612 lucem,
908 1546 948 1599 ne

259 1617 300 1678 de
319 1637 368 1677 me
389 1615 457 1676 ferri
477 1634 648 1695 pateretur,
671 1635 776 1696 ptaetet
797 1637 872 1690 eos,
896 1619 948 1698 qul

260 1698 300 1758 ab
320 1698 370 1760 illo
412 1694 526 1759 estifeto
550 1718 587 1758 ac
601 1697 716 1775 perdito
738 1699 802 1758 cive
823 1694 884 1775 jam
908 1700 950 1756 ri*

259 1777 333 1836 dem
353 1717 516 1856 respublica
539 1773 674 1857 sanguine
694 1773 866 1857 saginantur.
885 1717 950 1837 llis

262 1853 325 1950 jam
338 1856 375 1916 de
388 1856 449 1949 ipso
463 1854 627 1915 accusatore
641 1875 756 1935 quaero,
770 1857 818 1936 qui
831 1854 866 1918 P.
879 1853 952 1917 Sex·-

162 1946 164 1959 ¹
262 1953 338 1996 trum
348 1954 475 2017 queritur
486 1956 552 1996 cum
566 1935 747 1995 multitudine
761 1935 951 1997 intribuatur

262 2017 298 2076 ὃ(
316 2037 381 2076 cum
398 2016 532 2110 prasidio
552 2036 659 2097 magno
681 2013 761 2079 fuisse
779 2059 789 2088 ‚
806 2037 878 2074 num
896 2015 949 2076 illo

253 2095 314 2156 'die
334 2096 431 2156 suerit.
457 2092 570 2168 certe,
595 2095 672 2155 certe
692 2117 752 2155 non
772 2094 836 2155 suit.
865 2094 953 2156 Visla
980 2092 987 2101 ⁶

265 2176 350 2255 igitur
366 2174 407 2234 est
423 2174 505 2233 causa
520 2175 704 2254 reipublicae,
722 2175 755 2234 &
772 2174 869 2248 vitta,
886 2197 951 2237 non

265 2255 414 2332 auspiciis,
434 2274 493 2312 non
514 2257 745 2335 intercessione,
769 2274 831 2313 non
849 2253 953 2315 suffra·

266 2335 339 2414 giis3
358 2332 408 2392 sed
424 2335 453 2390 vi
469 2376 479 2403 ‚
496 2333 606 2405 manu,
623 2333 722 2394 ferro:
742 2355 832 2404 nam,
852 2337 876 2393 si
896 2337 956 2407 ob·

266 2410 416 2474 nuntiasset
434 2411 568 2487 Fabricio
585 2417 608 2473 is
625 2433 752 2495 prator,
772 2416 821 2493 qui
842 2412 872 2474 se
889 2413 955 2477 ser·-

266 2493 344 2554 vasse
365 2493 402 2552 de
423 2492 498 2551 coelo
520 2492 655 2566 dixerat,
678 2492 832 2574 accepisset
850 2493 955 2574 respu-

267 2574 341 2634 blica
359 2575 499 2653 plagam,
519 2571 570 2633 sed
588 2594 677 2644 eam,
695 2595 782 2653 quam
804 2590 956 2654 acceptam

291 2674 389 2716 emere
403 2650 508 2732 posset,
519 2652 549 2712 Si
560 2652 760 2713 intercessisset
772 2653 890 2735 collega
901 2654 958 2716 Fa·

270 2675 385 2807 bricio,
404 2729 513 2792 laesisset
530 2732 754 2813 rempublicam,
771 2733 822 2793 sed
836 2754 958 2816 tempu·

270 2812 377 2873 blicam
393 2812 455 2892 jure
471 2809 593 2872 laesisset.
610 2811 797 2874 Gladiatores
815 2831 848 2874 tu
868 2816 959 2887 novis?

270 2892 352 2970 aios,
376 2915 430 2978 pto
451 2890 765 2976 exspectata-aedilitate
787 2893 957 2980 suppositor
