<?xml version="1.0" encoding="UTF-8"?>
<!DOCTYPE html PUBLIC "-//W3C//DTD XHTML 1.0 Transitional//EN"
    "http://www.w3.org/TR/xhtml1/DTD/xhtml1-transitional.dtd">
<html xmlns="http://www.w3.org/1999/xhtml" xml:lang="en" lang="en">
 <head>
  <title>
</title>
<meta http-equiv="Content-Type" content="text/html;charset=utf-8" />
  <meta name='ocr-system' content='tesseract 3.04.00' />
  <meta name='ocr-capabilities' content='ocr_page ocr_carea ocr_par ocr_line ocrx_word'/>
</head>
<body>
  <div class='ocr_page' id='page_1' title='image "./mtulliiciceroni06lallgoog_0037.png"; bbox 0 0 2117 3942; ppageno 0'>
   <div class='ocr_carea' id='block_1_1' title="bbox 259 391 834 494">
    <p class='ocr_par' dir='ltr' id='par_1_1' title="bbox 259 391 834 494">
     <span class='ocr_line' id='line_1_1' title="bbox 259 391 834 494; baseline 0.014 -35"><span class='ocrx_word' id='word_1_1' title='bbox 259 391 372 461; x_wconf 83' lang='lat' dir='ltr'>Pno</span> <span class='ocrx_word' id='word_1_2' title='bbox 398 393 565 465; x_wconf 76' lang='lat' dir='ltr'>Dorso</span> <span class='ocrx_word' id='word_1_3' title='bbox 591 414 709 467; x_wconf 70' lang='lat' dir='ltr'>crs-A.</span> <span class='ocrx_word' id='word_1_4' title='bbox 782 422 834 494; x_wconf 79' lang='lat'>49</span> 
     </span>
    </p>
   </div>
   <div class='ocr_carea' id='block_1_2' title="bbox 85 505 832 2846">
    <p class='ocr_par' dir='ltr' id='par_1_2' title="bbox 134 505 832 750">
     <span class='ocr_line' id='line_1_2' title="bbox 134 505 832 591; baseline 0.01 -21"><span class='ocrx_word' id='word_1_5' title='bbox 134 530 207 581; x_wconf 83' lang='lat' dir='ltr'>arae,</span> <span class='ocrx_word' id='word_1_6' title='bbox 227 505 317 581; x_wconf 87' lang='lat' dir='ltr'>foci,</span> <span class='ocrx_word' id='word_1_7' title='bbox 336 506 376 566; x_wconf 91' lang='lat' dir='ltr'>dii</span> <span class='ocrx_word' id='word_1_8' title='bbox 399 524 546 587; x_wconf 89' lang='lat' dir='ltr'>penates,</span> <span class='ocrx_word' id='word_1_9' title='bbox 565 510 663 587; x_wconf 90' lang='lat' dir='ltr'>bona,</span> <span class='ocrx_word' id='word_1_10' title='bbox 683 511 832 591; x_wconf 81' lang='lat' dir='ltr'>fortunae,</span> 
     </span>
     <span class='ocr_line' id='line_1_3' title="bbox 135 584 829 677; baseline 0.012 -28"><span class='ocrx_word' id='word_1_11' title='bbox 135 588 307 662; x_wconf 85' lang='lat' dir='ltr'>domicilia,</span> <span class='ocrx_word' id='word_1_12' title='bbox 324 584 429 648; x_wconf 83' lang='lat' dir='ltr'>vellrae</span> <span class='ocrx_word' id='word_1_13' title='bbox 449 588 617 670; x_wconf 80' lang='lat' dir='ltr'>sapientia,</span> <span class='ocrx_word' id='word_1_14' title='bbox 653 591 829 677; x_wconf 87' lang='lat' dir='ltr'>otestatique</span> 
     </span>
     <span class='ocr_line' id='line_1_4' title="bbox 135 616 754 750; baseline 0.005 -19"><span class='ocrx_word' id='word_1_15' title='bbox 135 666 312 740; x_wconf 78' lang='lat' dir='ltr'>commill&#39;a,</span> <span class='ocrx_word' id='word_1_16' title='bbox 333 667 504 750; x_wconf 85' lang='lat' dir='ltr'>creditaque</span> <span class='ocrx_word' id='word_1_17' title='bbox 519 669 577 733; x_wconf 79' lang='lat' dir='ltr'>ess‘e</span> <span class='ocrx_word' id='word_1_18' title='bbox 592 616 754 734; x_wconf 82' lang='lat' dir='ltr'>videantur.</span> 
     </span>
    </p>

    <p class='ocr_par' dir='ltr' id='par_1_3' title="bbox 133 748 828 1473">
     <span class='ocr_line' id='line_1_5' title="bbox 169 748 826 819; baseline 0.006 -9"><span class='ocrx_word' id='word_1_19' title='bbox 169 771 197 812; x_wconf 85' lang='lat'>2.</span> <span class='ocrx_word' id='word_1_20' title='bbox 222 748 325 810; x_wconf 88' lang='lat' dir='ltr'><strong>Vobis</strong></span> <span class='ocrx_word' id='word_1_21' title='bbox 350 748 499 810; x_wconf 91' lang='lat' dir='ltr'>hodierno</span> <span class='ocrx_word' id='word_1_22' title='bbox 525 752 573 813; x_wconf 88' lang='lat' dir='ltr'>die</span> <span class='ocrx_word' id='word_1_23' title='bbox 593 750 826 819; x_wconf 82' lang='lat' dir='ltr'>constituendum</span> 
     </span>
     <span class='ocr_line' id='line_1_6' title="bbox 133 822 828 915; baseline 0.009 -25"><span class='ocrx_word' id='word_1_24' title='bbox 133 829 193 905; x_wconf 91' lang='lat' dir='ltr'>est,</span> <span class='ocrx_word' id='word_1_25' title='bbox 217 832 320 890; x_wconf 81' lang='lat' dir='ltr'>utrirm</span> <span class='ocrx_word' id='word_1_26' title='bbox 343 826 467 909; x_wconf 84' lang='lat' dir='ltr'>posthac</span> <span class='ocrx_word' id='word_1_27' title='bbox 491 822 622 893; x_wconf 82' lang='lat' dir='ltr'>amentes</span> <span class='ocrx_word' id='word_1_28' title='bbox 642 855 676 894; x_wconf 89' lang='lat' dir='ltr'>ac</span> <span class='ocrx_word' id='word_1_29' title='bbox 694 834 828 915; x_wconf 87' lang='lat' dir='ltr'>perditos</span> 
     </span>
     <span class='ocr_line' id='line_1_7' title="bbox 133 908 828 994; baseline 0.006 -23"><span class='ocrx_word' id='word_1_30' title='bbox 133 908 311 994; x_wconf 80' lang='lat' dir='ltr'>magistratus</span> <span class='ocrx_word' id='word_1_31' title='bbox 334 910 541 991; x_wconf 87' lang='lat' dir='ltr'>improbonrm</span> <span class='ocrx_word' id='word_1_32' title='bbox 567 932 599 970; x_wconf 92' lang='lat' dir='ltr'>ac</span> <span class='ocrx_word' id='word_1_33' title='bbox 621 909 828 977; x_wconf 81' lang='lat' dir='ltr'>sceleratorum</span> 
     </span>
     <span class='ocr_line' id='line_1_8' title="bbox 134 989 826 1072; baseline 0.004 -22"><span class='ocrx_word' id='word_1_34' title='bbox 134 994 235 1052; x_wconf 81' lang='lat' dir='ltr'>civium</span> <span class='ocrx_word' id='word_1_35' title='bbox 253 990 395 1072; x_wconf 86' lang='lat' dir='ltr'>praesidio</span> <span class='ocrx_word' id='word_1_36' title='bbox 409 989 541 1066; x_wconf 88' lang='lat' dir='ltr'>nudare,</span> <span class='ocrx_word' id='word_1_37' title='bbox 552 1010 587 1051; x_wconf 90' lang='lat' dir='ltr'>an</span> <span class='ocrx_word' id='word_1_38' title='bbox 601 993 690 1053; x_wconf 87' lang='lat' dir='ltr'>etiam</span> <span class='ocrx_word' id='word_1_39' title='bbox 701 992 826 1053; x_wconf 84' lang='lat' dir='ltr'>deorum</span> 
     </span>
     <span class='ocr_line' id='line_1_9' title="bbox 135 1070 827 1151; baseline 0.004 -22"><span class='ocrx_word' id='word_1_40' title='bbox 135 1071 342 1131; x_wconf 85' lang='lat' dir='ltr'>immortalium</span> <span class='ocrx_word' id='word_1_41' title='bbox 351 1070 497 1151; x_wconf 82' lang='lat' dir='ltr'>religione</span> <span class='ocrx_word' id='word_1_42' title='bbox 505 1090 616 1132; x_wconf 87' lang='lat' dir='ltr'>armare</span> <span class='ocrx_word' id='word_1_43' title='bbox 624 1071 827 1132; x_wconf 84' lang='lat' dir='ltr'>malitis.Nam</span> 
     </span>
     <span class='ocr_line' id='line_1_10' title="bbox 139 1149 828 1233; baseline 0 -23"><span class='ocrx_word' id='word_1_44' title='bbox 139 1155 161 1209; x_wconf 84' lang='lat' dir='ltr'>si</span> <span class='ocrx_word' id='word_1_45' title='bbox 172 1152 219 1210; x_wconf 86' lang='lat' dir='ltr'>illa</span> <span class='ocrx_word' id='word_1_46' title='bbox 230 1151 311 1210; x_wconf 89' lang='lat' dir='ltr'>labes</span> <span class='ocrx_word' id='word_1_47' title='bbox 333 1172 367 1209; x_wconf 88' lang='lat' dir='ltr'>ac</span> <span class='ocrx_word' id='word_1_48' title='bbox 386 1151 506 1209; x_wconf 87' lang='lat' dir='ltr'>flamma</span> <span class='ocrx_word' id='word_1_49' title='bbox 522 1150 684 1233; x_wconf 76' lang='lat' dir='ltr'>reipublicae</span> <span class='ocrx_word' id='word_1_50' title='bbox 698 1149 778 1210; x_wconf 89' lang='lat' dir='ltr'>suurn</span> <span class='ocrx_word' id='word_1_51' title='bbox 792 1152 828 1211; x_wconf 90' lang='lat' dir='ltr'>il-</span> 
     </span>
     <span class='ocr_line' id='line_1_11' title="bbox 139 1228 826 1312; baseline 0.004 -24"><span class='ocrx_word' id='word_1_52' title='bbox 139 1231 191 1290; x_wconf 89' lang='lat' dir='ltr'>lum</span> <span class='ocrx_word' id='word_1_53' title='bbox 209 1229 381 1312; x_wconf 85' lang='lat' dir='ltr'>pestiferum</span> <span class='ocrx_word' id='word_1_54' title='bbox 403 1231 437 1290; x_wconf 88' lang='lat'><strong>&amp;</strong></span> <span class='ocrx_word' id='word_1_55' title='bbox 459 1228 601 1290; x_wconf 89' lang='lat' dir='ltr'>funestum</span> <span class='ocrx_word' id='word_1_56' title='bbox 624 1232 826 1306; x_wconf 87' lang='lat' dir='ltr'>tribunatum,</span> 
     </span>
     <span class='ocr_line' id='line_1_12' title="bbox 155 1310 822 1393; baseline 0.004 -23"><span class='ocrx_word' id='word_1_57' title='bbox 155 1333 215 1371; x_wconf 88' lang='lat' dir='ltr'>nem</span> <span class='ocrx_word' id='word_1_58' title='bbox 231 1333 256 1373; x_wconf 69' lang='grc' dir='ltr'><em>ε</em></span> <span class='ocrx_word' id='word_1_59' title='bbox 297 1313 370 1371; x_wconf 83' lang='lat' dir='ltr'>itate</span> <span class='ocrx_word' id='word_1_60' title='bbox 391 1310 518 1371; x_wconf 70' lang='lat' dir='ltr'>humani</span> <span class='ocrx_word' id='word_1_61' title='bbox 535 1314 608 1372; x_wconf 86' lang='lat' dir='ltr'>tueri</span> <span class='ocrx_word' id='word_1_62' title='bbox 624 1332 686 1372; x_wconf 88' lang='lat' dir='ltr'>non</span> <span class='ocrx_word' id='word_1_63' title='bbox 702 1311 822 1393; x_wconf 86' lang='lat' dir='ltr'>potest,</span> 
     </span>
     <span class='ocr_line' id='line_1_13' title="bbox 138 1332 821 1473; baseline 0.004 -24"><span class='ocrx_word' id='word_1_64' title='bbox 138 1332 226 1453; x_wconf 66' lang='lat' dir='ltr'>divini</span> <span class='ocrx_word' id='word_1_65' title='bbox 235 1412 268 1451; x_wconf 91' lang='lat' dir='ltr'>re</span> <span class='ocrx_word' id='word_1_66' title='bbox 280 1393 383 1473; x_wconf 84' lang='lat' dir='ltr'>igione</span> <span class='ocrx_word' id='word_1_67' title='bbox 398 1389 582 1465; x_wconf 82' lang='lat' dir='ltr'>defenderit3</span> <span class='ocrx_word' id='word_1_68' title='bbox 596 1391 658 1451; x_wconf 83' lang='lat' dir='ltr'>aliae</span> <span class='ocrx_word' id='word_1_69' title='bbox 674 1410 821 1453; x_wconf 83' lang='lat' dir='ltr'>caeremo·</span> 
     </span>
    </p>

    <p class='ocr_par' dir='ltr' id='par_1_4' title="bbox 136 1470 822 1544">
     <span class='ocr_line' id='line_1_14' title="bbox 136 1470 822 1544; baseline 0 -13"><span class='ocrx_word' id='word_1_70' title='bbox 136 1475 183 1532; x_wconf 86' lang='lat' dir='ltr'>riae</span> <span class='ocrx_word' id='word_1_71' title='bbox 194 1473 280 1535; x_wconf 86' lang='lat' dir='ltr'>nobis</span> <span class='ocrx_word' id='word_1_72' title='bbox 294 1487 401 1544; x_wconf 86' lang='lat' dir='ltr'>erum,</span> <span class='ocrx_word' id='word_1_73' title='bbox 416 1470 462 1529; x_wconf 86' lang='lat' dir='ltr'>aiii</span> <span class='ocrx_word' id='word_1_74' title='bbox 476 1470 611 1533; x_wconf 84' lang='lat' dir='ltr'>antistites</span> <span class='ocrx_word' id='word_1_75' title='bbox 628 1472 751 1534; x_wconf 82' lang='lat' dir='ltr'>deorum</span> <span class='ocrx_word' id='word_1_76' title='bbox 765 1474 822 1532; x_wconf 84' lang='lat' dir='ltr'>im·</span> 
     </span>
    </p>

    <p class='ocr_par' dir='ltr' id='par_1_5' title="bbox 136 1551 823 1636">
     <span class='ocr_line' id='line_1_15' title="bbox 136 1551 823 1636; baseline 0.003 -25"><span class='ocrx_word' id='word_1_77' title='bbox 136 1553 316 1625; x_wconf 70' lang='lat' dir='ltr'><strong>mortalium,</strong></span> <span class='ocrx_word' id='word_1_78' title='bbox 333 1551 380 1613; x_wconf 85' lang='lat' dir='ltr'>alii</span> <span class='ocrx_word' id='word_1_79' title='bbox 395 1553 568 1632; x_wconf 84' lang='lat' dir='ltr'>interpretes</span> <span class='ocrx_word' id='word_1_80' title='bbox 586 1553 757 1636; x_wconf 78' lang='lat' dir='ltr'>religionum</span> <span class='ocrx_word' id='word_1_81' title='bbox 773 1573 823 1613; x_wconf 89' lang='lat' dir='ltr'>re·</span> 
     </span>
    </p>

    <p class='ocr_par' dir='ltr' id='par_1_6' title="bbox 85 1630 822 1876">
     <span class='ocr_line' id='line_1_16' title="bbox 136 1630 821 1712; baseline 0.003 -20"><span class='ocrx_word' id='word_1_82' title='bbox 136 1632 261 1712; x_wconf 77' lang='lat' dir='ltr'>‹prirendi</span> <span class='ocrx_word' id='word_1_83' title='bbox 275 1653 282 1691; x_wconf 96' lang='lat'><strong>:</strong></span> <span class='ocrx_word' id='word_1_84' title='bbox 298 1634 343 1692; x_wconf 87' lang='lat' dir='ltr'>sin</span> <span class='ocrx_word' id='word_1_85' title='bbox 359 1648 458 1693; x_wconf 89' lang='lat' dir='ltr'>autem</span> <span class='ocrx_word' id='word_1_86' title='bbox 471 1630 566 1693; x_wconf 70' lang='lat' dir='ltr'>vestri</span> <span class='ocrx_word' id='word_1_87' title='bbox 581 1632 749 1695; x_wconf 70' lang='lat' dir='ltr'>aucloritate</span> <span class='ocrx_word' id='word_1_88' title='bbox 758 1677 768 1706; x_wconf 93' lang='lat'>,</span> <span class='ocrx_word' id='word_1_89' title='bbox 777 1632 821 1694; x_wconf 87' lang='lat' dir='ltr'>sa·</span> 
     </span>
     <span class='ocr_line' id='line_1_17' title="bbox 85 1710 822 1795; baseline 0.005 -23"><span class='ocrx_word' id='word_1_90' title='bbox 85 1748 87 1757; x_wconf 79' lang='lat'><em>=</em></span> <span class='ocrx_word' id='word_1_91' title='bbox 135 1714 319 1795; x_wconf 60' lang='lat' dir='ltr'>pennaque,</span> <span class='ocrx_word' id='word_1_92' title='bbox 339 1710 526 1786; x_wconf 87' lang='lat' dir='ltr'>Pontifices,</span> <span class='ocrx_word' id='word_1_93' title='bbox 549 1732 610 1786; x_wconf 83' lang='lat' dir='ltr'>ea,</span> <span class='ocrx_word' id='word_1_94' title='bbox 672 1736 697 1774; x_wconf 85' lang='lat' dir='ltr'>ae</span> <span class='ocrx_word' id='word_1_95' title='bbox 721 1712 822 1776; x_wconf 85' lang='lat' dir='ltr'>furore</span> 
     </span>
     <span class='ocr_line' id='line_1_18' title="bbox 85 1734 819 1876; baseline 0.004 -25"><span class='ocrx_word' id='word_1_96' title='bbox 85 1836 88 1851; x_wconf 90' lang='lat'>.</span> <span class='ocrx_word' id='word_1_97' title='bbox 135 1795 336 1876; x_wconf 87' lang='lat' dir='ltr'>improborum</span> <span class='ocrx_word' id='word_1_98' title='bbox 350 1794 381 1852; x_wconf 91' lang='lat' dir='ltr'>in</span> <span class='ocrx_word' id='word_1_99' title='bbox 398 1792 547 1875; x_wconf 85' lang='lat' dir='ltr'>republica</span> <span class='ocrx_word' id='word_1_100' title='bbox 564 1792 601 1853; x_wconf 87' lang='lat' dir='ltr'>ab</span> <span class='ocrx_word' id='word_1_101' title='bbox 619 1734 680 1853; x_wconf 76' lang='lat' dir='ltr'>allis</span> <span class='ocrx_word' id='word_1_102' title='bbox 697 1792 819 1876; x_wconf 90' lang='lat' dir='ltr'>oppres·</span> 
     </span>
    </p>

    <p class='ocr_par' dir='ltr' id='par_1_7' title="bbox 134 1870 819 1956">
     <span class='ocr_line' id='line_1_19' title="bbox 134 1870 819 1956; baseline 0.001 -24"><span class='ocrx_word' id='word_1_103' title='bbox 134 1875 173 1948; x_wconf 88' lang='lat' dir='ltr'>sa,</span> <span class='ocrx_word' id='word_1_104' title='bbox 186 1876 223 1935; x_wconf 88' lang='lat' dir='ltr'>ab</span> <span class='ocrx_word' id='word_1_105' title='bbox 238 1875 300 1933; x_wconf 83' lang='lat' dir='ltr'>aliis</span> <span class='ocrx_word' id='word_1_106' title='bbox 312 1872 445 1946; x_wconf 86' lang='lat' dir='ltr'>deserta,</span> <span class='ocrx_word' id='word_1_107' title='bbox 462 1874 499 1933; x_wconf 89' lang='lat' dir='ltr'>ab</span> <span class='ocrx_word' id='word_1_108' title='bbox 515 1872 578 1934; x_wconf 84' lang='lat' dir='ltr'>aliis</span> <span class='ocrx_word' id='word_1_109' title='bbox 590 1874 726 1955; x_wconf 89' lang='lat' dir='ltr'>prodita,</span> <span class='ocrx_word' id='word_1_110' title='bbox 739 1870 819 1956; x_wconf 85' lang='lat' dir='ltr'>gesta</span> 
     </span>
    </p>

    <p class='ocr_par' dir='ltr' id='par_1_8' title="bbox 85 1952 823 2846">
     <span class='ocr_line' id='line_1_20' title="bbox 133 1952 820 2026; baseline -0.003 -14"><span class='ocrx_word' id='word_1_111' title='bbox 133 1954 194 2014; x_wconf 88' lang='lat' dir='ltr'>sunt</span> <span class='ocrx_word' id='word_1_112' title='bbox 208 2000 218 2026; x_wconf 89' lang='lat'>‚</span> <span class='ocrx_word' id='word_1_113' title='bbox 232 1953 429 2014; x_wconf 80' lang='lat' dir='ltr'>rescinduntur</span> <span class='ocrx_word' id='word_1_114' title='bbox 442 1975 452 2025; x_wconf 90' lang='lat'>;</span> <span class='ocrx_word' id='word_1_115' title='bbox 472 1955 527 2013; x_wconf 90' lang='lat' dir='ltr'>erit</span> <span class='ocrx_word' id='word_1_116' title='bbox 552 1952 654 2024; x_wconf 84' lang='lat' dir='ltr'>causa,</span> <span class='ocrx_word' id='word_1_117' title='bbox 674 1974 724 2012; x_wconf 88' lang='lat' dir='ltr'>cur</span> <span class='ocrx_word' id='word_1_118' title='bbox 743 1974 820 2012; x_wconf 89' lang='lat' dir='ltr'>con-</span> 
     </span>
     <span class='ocr_line' id='line_1_21' title="bbox 134 2030 823 2114; baseline -0.003 -22"><span class='ocrx_word' id='word_1_119' title='bbox 134 2036 231 2093; x_wconf 86' lang='lat' dir='ltr'>silium</span> <span class='ocrx_word' id='word_1_120' title='bbox 250 2032 414 2114; x_wconf 82' lang='lat' dir='ltr'>majorum,</span> <span class='ocrx_word' id='word_1_121' title='bbox 432 2036 463 2091; x_wconf 93' lang='lat' dir='ltr'>in</span> <span class='ocrx_word' id='word_1_122' title='bbox 488 2032 671 2112; x_wconf 81' lang='lat' dir='ltr'>amplissimis</span> <span class='ocrx_word' id='word_1_123' title='bbox 691 2032 759 2090; x_wconf 86' lang='lat' dir='ltr'>viris</span> <span class='ocrx_word' id='word_1_124' title='bbox 782 2030 823 2113; x_wconf 83' lang='lat' dir='ltr'>ad</span> 
     </span>
     <span class='ocr_line' id='line_1_22' title="bbox 134 2110 821 2201; baseline 0.001 -28"><span class='ocrx_word' id='word_1_125' title='bbox 134 2113 292 2175; x_wconf 86' lang='lat' dir='ltr'>sacerdotia</span> <span class='ocrx_word' id='word_1_126' title='bbox 309 2112 468 2201; x_wconf 83' lang='lat' dir='ltr'>deligendis</span> <span class='ocrx_word' id='word_1_127' title='bbox 480 2157 490 2186; x_wconf 90' lang='lat'>,</span> <span class='ocrx_word' id='word_1_128' title='bbox 501 2110 567 2193; x_wconf 87' lang='lat' dir='ltr'>jure</span> <span class='ocrx_word' id='word_1_129' title='bbox 583 2134 617 2172; x_wconf 92' lang='lat' dir='ltr'>ac</span> <span class='ocrx_word' id='word_1_130' title='bbox 635 2114 740 2173; x_wconf 74' lang='lat' dir='ltr'>merito</span> <span class='ocrx_word' id='word_1_131' title='bbox 759 2112 821 2175; x_wconf 87' lang='lat' dir='ltr'>lau·</span> 
     </span>
     <span class='ocr_line' id='line_1_23' title="bbox 135 2193 819 2278; baseline 0 -24"><span class='ocrx_word' id='word_1_132' title='bbox 135 2195 200 2256; x_wconf 90' lang='lat' dir='ltr'>dare</span> <span class='ocrx_word' id='word_1_133' title='bbox 210 2198 367 2278; x_wconf 88' lang='lat' dir='ltr'>possimus.</span> <span class='ocrx_word' id='word_1_134' title='bbox 379 2193 456 2267; x_wconf 87' lang='lat' dir='ltr'>Sed,</span> <span class='ocrx_word' id='word_1_135' title='bbox 488 2194 606 2254; x_wconf 90' lang='lat' dir='ltr'>uoniam</span> <span class='ocrx_word' id='word_1_136' title='bbox 619 2193 667 2255; x_wconf 91' lang='lat' dir='ltr'>ille</span> <span class='ocrx_word' id='word_1_137' title='bbox 680 2193 819 2270; x_wconf 84' lang='lat' dir='ltr'>demens,</span> 
     </span>
     <span class='ocr_line' id='line_1_24' title="bbox 132 2214 821 2358; baseline -0.001 -21"><span class='ocrx_word' id='word_1_138' title='bbox 132 2279 157 2337; x_wconf 76' lang='lat' dir='ltr'>si</span> <span class='ocrx_word' id='word_1_139' title='bbox 173 2298 225 2350; x_wconf 86' lang='lat' dir='ltr'>ea,</span> <span class='ocrx_word' id='word_1_140' title='bbox 243 2297 311 2358; x_wconf 85' lang='lat' dir='ltr'>quae</span> <span class='ocrx_word' id='word_1_141' title='bbox 327 2295 384 2358; x_wconf 82' lang='lat' dir='ltr'>ego</span> <span class='ocrx_word' id='word_1_142' title='bbox 404 2295 458 2357; x_wconf 91' lang='lat' dir='ltr'>per</span> <span class='ocrx_word' id='word_1_143' title='bbox 467 2214 530 2333; x_wconf 66' lang='lat' dir='ltr'>lios</span> <span class='ocrx_word' id='word_1_144' title='bbox 549 2274 609 2335; x_wconf 91' lang='lat' dir='ltr'>dies</span> <span class='ocrx_word' id='word_1_145' title='bbox 624 2277 653 2334; x_wconf 92' lang='lat' dir='ltr'>in</span> <span class='ocrx_word' id='word_1_146' title='bbox 668 2273 765 2335; x_wconf 87' lang='lat' dir='ltr'>senatu</span> <span class='ocrx_word' id='word_1_147' title='bbox 780 2272 821 2337; x_wconf 91' lang='lat' dir='ltr'>de</span> 
     </span>
     <span class='ocr_line' id='line_1_25' title="bbox 135 2353 820 2438; baseline 0.004 -24"><span class='ocrx_word' id='word_1_148' title='bbox 135 2358 278 2436; x_wconf 85' lang='lat' dir='ltr'>-republica</span> <span class='ocrx_word' id='word_1_149' title='bbox 295 2356 392 2429; x_wconf 89' lang='lat' dir='ltr'>sensi,</span> <span class='ocrx_word' id='word_1_150' title='bbox 411 2353 625 2435; x_wconf 83' lang='lat' dir='ltr'>vituperallet,</span> <span class='ocrx_word' id='word_1_151' title='bbox 647 2356 772 2438; x_wconf 89' lang='lat' dir='ltr'>aliquem</span> <span class='ocrx_word' id='word_1_152' title='bbox 787 2354 820 2417; x_wconf 88' lang='lat' dir='ltr'>se</span> 
     </span>
     <span class='ocr_line' id='line_1_26' title="bbox 137 2434 823 2514; baseline -0.001 -20"><span class='ocrx_word' id='word_1_153' title='bbox 137 2438 235 2497; x_wconf 79' lang='lat' dir='ltr'>aditum</span> <span class='ocrx_word' id='word_1_154' title='bbox 251 2437 289 2498; x_wconf 88' lang='lat' dir='ltr'>ad</span> <span class='ocrx_word' id='word_1_155' title='bbox 303 2455 387 2496; x_wconf 89' lang='lat' dir='ltr'>aures</span> <span class='ocrx_word' id='word_1_156' title='bbox 399 2434 508 2497; x_wconf 83' lang='lat' dir='ltr'>vestras</span> <span class='ocrx_word' id='word_1_157' title='bbox 520 2434 576 2497; x_wconf 81' lang='lat' dir='ltr'>elle</span> <span class='ocrx_word' id='word_1_158' title='bbox 590 2436 754 2496; x_wconf 82' lang='lat' dir='ltr'>habiturum</span> <span class='ocrx_word' id='word_1_159' title='bbox 765 2456 823 2514; x_wconf 90' lang='lat' dir='ltr'>pu-</span> 
     </span>
     <span class='ocr_line' id='line_1_27' title="bbox 135 2515 820 2593; baseline -0.007 -18"><span class='ocrx_word' id='word_1_160' title='bbox 135 2521 203 2577; x_wconf 83' lang='lat' dir='ltr'>tavit</span> <span class='ocrx_word' id='word_1_161' title='bbox 213 2564 222 2593; x_wconf 90' lang='lat'>,</span> <span class='ocrx_word' id='word_1_162' title='bbox 244 2519 385 2578; x_wconf 90' lang='lat' dir='ltr'>omittam</span> <span class='ocrx_word' id='word_1_163' title='bbox 402 2515 537 2576; x_wconf 80' lang='lat' dir='ltr'>ordinem</span> <span class='ocrx_word' id='word_1_164' title='bbox 563 2516 677 2576; x_wconf 88' lang='lat' dir='ltr'>dicendi</span> <span class='ocrx_word' id='word_1_165' title='bbox 696 2533 820 2584; x_wconf 89' lang='lat' dir='ltr'>meum;</span> 
     </span>
     <span class='ocr_line' id='line_1_28' title="bbox 132 2593 820 2678; baseline -0.007 -24"><span class='ocrx_word' id='word_1_166' title='bbox 132 2597 317 2678; x_wconf 83' lang='lat' dir='ltr'>respondebo</span> <span class='ocrx_word' id='word_1_167' title='bbox 337 2597 463 2656; x_wconf 86' lang='lat' dir='ltr'>hominis</span> <span class='ocrx_word' id='word_1_168' title='bbox 480 2595 580 2654; x_wconf 87' lang='lat' dir='ltr'>furiosi</span> <span class='ocrx_word' id='word_1_169' title='bbox 594 2616 655 2655; x_wconf 93' lang='lat' dir='ltr'>non</span> <span class='ocrx_word' id='word_1_170' title='bbox 674 2593 820 2667; x_wconf 87' lang='lat' dir='ltr'>orationi,</span> 
     </span>
     <span class='ocr_line' id='line_1_29' title="bbox 86 2674 820 2758; baseline -0.008 -21"><span class='ocrx_word' id='word_1_171' title='bbox 86 2706 89 2711; x_wconf 95' lang='lat'>·</span> <span class='ocrx_word' id='word_1_172' title='bbox 131 2680 182 2758; x_wconf 70' lang='lat' dir='ltr'>qud</span> <span class='ocrx_word' id='word_1_173' title='bbox 199 2679 250 2739; x_wconf 91' lang='lat' dir='ltr'>ille</span> <span class='ocrx_word' id='word_1_174' title='bbox 265 2680 308 2737; x_wconf 82' lang='lat' dir='ltr'>uti</span> <span class='ocrx_word' id='word_1_175' title='bbox 327 2698 388 2737; x_wconf 91' lang='lat' dir='ltr'>non</span> <span class='ocrx_word' id='word_1_176' title='bbox 403 2675 522 2757; x_wconf 87' lang='lat' dir='ltr'>potest,</span> <span class='ocrx_word' id='word_1_177' title='bbox 538 2674 589 2734; x_wconf 89' lang='lat' dir='ltr'>sed</span> <span class='ocrx_word' id='word_1_178' title='bbox 603 2674 757 2744; x_wconf 91' lang='lat' dir='ltr'>convicio,</span> <span class='ocrx_word' id='word_1_179' title='bbox 768 2692 820 2731; x_wconf 85' lang='lat' dir='ltr'>ru·</span> 
     </span>
     <span class='ocr_line' id='line_1_30' title="bbox 85 2738 819 2846; baseline -0.004 -30"><span class='ocrx_word' id='word_1_180' title='bbox 85 2738 91 2773; x_wconf 60' lang='lat'><strong>²</strong></span> <span class='ocrx_word' id='word_1_181' title='bbox 130 2756 168 2837; x_wconf 82' lang='lat' dir='ltr'>jus</span> <span class='ocrx_word' id='word_1_182' title='bbox 189 2760 438 2819; x_wconf 85' lang='lat' dir='ltr'>exercitationem</span> <span class='ocrx_word' id='word_1_183' title='bbox 461 2774 551 2834; x_wconf 88' lang='lat' dir='ltr'>quum</span> <span class='ocrx_word' id='word_1_184' title='bbox 568 2752 819 2846; x_wconf 26' lang='lat' dir='ltr'>intolerabiliupe-</span> 
     </span>
    </p>
   </div>
   <div class='ocr_carea' id='block_1_3' title="bbox 130 2833 821 2978">
    <p class='ocr_par' dir='ltr' id='par_1_9' title="bbox 130 2833 821 2978">
     <span class='ocr_line' id='line_1_31' title="bbox 130 2833 821 2921; baseline 0 -25"><span class='ocrx_word' id='word_1_185' title='bbox 130 2839 278 2912; x_wconf 64' lang='lat' dir='ltr'>zelanda,</span> <span class='ocrx_word' id='word_1_186' title='bbox 300 2854 365 2897; x_wconf 89' lang='lat' dir='ltr'>turn</span> <span class='ocrx_word' id='word_1_187' title='bbox 387 2839 478 2898; x_wconf 84' lang='lat' dir='ltr'>etiarn</span> <span class='ocrx_word' id='word_1_188' title='bbox 499 2833 631 2894; x_wconf 70' lang='lat' dir='ltr'>diuturna</span> <span class='ocrx_word' id='word_1_189' title='bbox 651 2835 821 2921; x_wconf 80' lang='lat' dir='ltr'>impunitate</span> 
     </span>
     <span class='ocr_line' id='line_1_32' title="bbox 130 2936 264 2978; baseline -0.007 0"><span class='ocrx_word' id='word_1_190' title='bbox 130 2936 264 2978; x_wconf 77' lang='lat' dir='ltr'>munrvrt.</span> 
     </span>
    </p>
   </div>
   <div class='ocr_carea' id='block_1_4' title="bbox 168 2993 720 3064">
    <p class='ocr_par' dir='ltr' id='par_1_10' title="bbox 168 2993 720 3064">
     <span class='ocr_line' id='line_1_33' title="bbox 168 2993 720 3064; baseline -0.013 -2"><span class='ocrx_word' id='word_1_191' title='bbox 168 3005 275 3064; x_wconf 71' lang='lat' dir='ltr'>Tamus</span> <span class='ocrx_word' id='word_1_192' title='bbox 305 2998 366 3061; x_wconf 86' lang='lat' dir='ltr'>VI.</span> <span class='ocrx_word' id='word_1_193' title='bbox 691 2993 720 3055; x_wconf 86' lang='lat' dir='ltr'><strong>C</strong></span> 
     </span>
    </p>
   </div>
   <div class='ocr_carea' id='block_1_5' title="bbox 0 0 1064 3942">
    <p class='ocr_par' dir='ltr' id='par_1_11' title="bbox 0 0 1064 3942">
     <span class='ocr_line' id='line_1_34' title="bbox 0 0 1064 3942; baseline 0 2"><span class='ocrx_word' id='word_1_194' title='bbox 0 0 1064 3942; x_wconf 95' lang='lat' dir='ltr'> </span> 
     </span>
    </p>
   </div>
  </div>
 </body>
</html>
