<?xml version="1.0" encoding="UTF-8"?>
<!DOCTYPE html PUBLIC "-//W3C//DTD XHTML 1.0 Transitional//EN"
    "http://www.w3.org/TR/xhtml1/DTD/xhtml1-transitional.dtd">
<html xmlns="http://www.w3.org/1999/xhtml" xml:lang="en" lang="en">
 <head>
  <title>
</title>
<meta http-equiv="Content-Type" content="text/html;charset=utf-8" />
  <meta name='ocr-system' content='tesseract 3.04.00' />
  <meta name='ocr-capabilities' content='ocr_page ocr_carea ocr_par ocr_line ocrx_word'/>
</head>
<body>
  <div class='ocr_page' id='page_1' title='image "./mtulliiciceroni06lallgoog_0048.png"; bbox 0 0 2117 3942; ppageno 0'>
   <div class='ocr_carea' id='block_1_1' title="bbox 189 361 644 447">
    <p class='ocr_par' dir='ltr' id='par_1_1' title="bbox 189 361 644 447">
     <span class='ocr_line' id='line_1_1' title="bbox 189 361 644 447; baseline -0.013 -9"><span class='ocrx_word' id='word_1_1' title='bbox 189 365 257 447; x_wconf 66' lang='lat'>60,</span> <span class='ocrx_word' id='word_1_2' title='bbox 332 370 335 375; x_wconf 83' lang='grc'><strong>’</strong></span> <span class='ocrx_word' id='word_1_3' title='bbox 410 361 644 436; x_wconf 70' lang='grc' dir='ltr'><em>ΟιιΑτιο</em></span> 
     </span>
    </p>
   </div>
   <div class='ocr_carea' id='block_1_2' title="bbox 179 476 905 1367">
    <p class='ocr_par' dir='ltr' id='par_1_2' title="bbox 187 476 873 644">
     <span class='ocr_line' id='line_1_2' title="bbox 187 476 873 542; baseline -0.001 0"><span class='ocrx_word' id='word_1_4' title='bbox 187 476 303 542; x_wconf 71' lang='lat' dir='ltr'>audore</span> <span class='ocrx_word' id='word_1_5' title='bbox 320 493 400 541; x_wconf 84' lang='lat' dir='ltr'>extra</span> <span class='ocrx_word' id='word_1_6' title='bbox 414 479 547 540; x_wconf 83' lang='lat' dir='ltr'>ordinem</span> <span class='ocrx_word' id='word_1_7' title='bbox 558 481 669 541; x_wconf 91' lang='lat' dir='ltr'>bellum</span> <span class='ocrx_word' id='word_1_8' title='bbox 680 498 746 540; x_wconf 87' lang='lat' dir='ltr'>cum</span> <span class='ocrx_word' id='word_1_9' title='bbox 757 477 873 542; x_wconf 79' lang='lat' dir='ltr'>Mithri·</span> 
     </span>
     <span class='ocr_line' id='line_1_3' title="bbox 188 559 588 644; baseline -0.005 -23"><span class='ocrx_word' id='word_1_10' title='bbox 188 562 277 634; x_wconf 89' lang='lat' dir='ltr'>date,</span> <span class='ocrx_word' id='word_1_11' title='bbox 291 559 476 644; x_wconf 77' lang='lat' dir='ltr'>Tigraneque</span> <span class='ocrx_word' id='word_1_12' title='bbox 490 562 588 642; x_wconf 85' lang='lat' dir='ltr'><strong>gessit.</strong></span> 
     </span>
    </p>

    <p class='ocr_par' dir='ltr' id='par_1_3' title="bbox 179 637 905 1367">
     <span class='ocr_line' id='line_1_4' title="bbox 230 637 877 721; baseline -0.002 -20"><span class='ocrx_word' id='word_1_13' title='bbox 230 659 279 702; x_wconf 88' lang='lat'>20.</span> <span class='ocrx_word' id='word_1_14' title='bbox 297 639 356 702; x_wconf 87' lang='lat' dir='ltr'>Sed</span> <span class='ocrx_word' id='word_1_15' title='bbox 373 662 439 701; x_wconf 90' lang='lat' dir='ltr'>curn</span> <span class='ocrx_word' id='word_1_16' title='bbox 454 641 507 699; x_wconf 90' lang='lat' dir='ltr'>illis</span> <span class='ocrx_word' id='word_1_17' title='bbox 523 659 623 702; x_wconf 90' lang='lat' dir='ltr'>tamen</span> <span class='ocrx_word' id='word_1_18' title='bbox 637 637 749 721; x_wconf 84' lang='lat' dir='ltr'>possum</span> <span class='ocrx_word' id='word_1_19' title='bbox 766 641 877 721; x_wconf 85' lang='lat' dir='ltr'>aliquid</span> 
     </span>
     <span class='ocr_line' id='line_1_5' title="bbox 187 719 878 804; baseline -0.001 -23"><span class='ocrx_word' id='word_1_20' title='bbox 187 719 330 804; x_wconf 87' lang='lat' dir='ltr'>disputare</span> <span class='ocrx_word' id='word_1_21' title='bbox 348 743 355 781; x_wconf 75' lang='grc' dir='ltr'><strong>ε</strong></span> <span class='ocrx_word' id='word_1_22' title='bbox 375 738 424 781; x_wconf 86' lang='lat' dir='ltr'>tua</span> <span class='ocrx_word' id='word_1_23' title='bbox 439 721 512 781; x_wconf 76' lang='lat' dir='ltr'>verb</span> <span class='ocrx_word' id='word_1_24' title='bbox 535 742 597 802; x_wconf 88' lang='lat' dir='ltr'>quae</span> <span class='ocrx_word' id='word_1_25' title='bbox 615 738 695 782; x_wconf 80' lang='lat' dir='ltr'>tanta</span> <span class='ocrx_word' id='word_1_26' title='bbox 715 721 878 801; x_wconf 90' lang='lat' dir='ltr'>impuden-·</span> 
     </span>
     <span class='ocr_line' id='line_1_6' title="bbox 186 800 873 876; baseline -0.001 -14"><span class='ocrx_word' id='word_1_27' title='bbox 186 805 227 862; x_wconf 88' lang='lat' dir='ltr'>tia</span> <span class='ocrx_word' id='word_1_28' title='bbox 248 800 310 876; x_wconf 87' lang='lat' dir='ltr'>est,</span> <span class='ocrx_word' id='word_1_29' title='bbox 330 819 362 862; x_wconf 90' lang='lat' dir='ltr'>ut</span> <span class='ocrx_word' id='word_1_30' title='bbox 381 801 486 862; x_wconf 81' lang='lat' dir='ltr'>audeas</span> <span class='ocrx_word' id='word_1_31' title='bbox 505 801 623 874; x_wconf 83' lang='lat' dir='ltr'>dicere,</span> <span class='ocrx_word' id='word_1_32' title='bbox 638 817 717 863; x_wconf 86' lang='lat' dir='ltr'>extra</span> <span class='ocrx_word' id='word_1_33' title='bbox 738 802 873 862; x_wconf 86' lang='lat' dir='ltr'>ordinem</span> 
     </span>
     <span class='ocr_line' id='line_1_7' title="bbox 189 880 874 963; baseline 0.001 -22"><span class='ocrx_word' id='word_1_34' title='bbox 189 883 252 961; x_wconf 65' lang='lat' dir='ltr'>dari</span> <span class='ocrx_word' id='word_1_35' title='bbox 275 883 347 942; x_wconf 81' lang='lat' dir='ltr'><strong>nihil</strong></span> <span class='ocrx_word' id='word_1_36' title='bbox 369 883 501 962; x_wconf 87' lang='lat' dir='ltr'>cuiquam</span> <span class='ocrx_word' id='word_1_37' title='bbox 522 880 689 962; x_wconf 87' lang='lat' dir='ltr'>oportere?</span> <span class='ocrx_word' id='word_1_38' title='bbox 710 884 760 962; x_wconf 91' lang='lat' dir='ltr'>qui</span> <span class='ocrx_word' id='word_1_39' title='bbox 784 903 874 963; x_wconf 92' lang='lat' dir='ltr'>quum</span> 
     </span>
     <span class='ocr_line' id='line_1_8' title="bbox 188 957 877 1052; baseline -0.001 -29"><span class='ocrx_word' id='word_1_40' title='bbox 188 964 256 1045; x_wconf 88' lang='lat' dir='ltr'>lege</span> <span class='ocrx_word' id='word_1_41' title='bbox 277 962 385 1031; x_wconf 76' lang='lat' dir='ltr'>nefarii</span> <span class='ocrx_word' id='word_1_42' title='bbox 401 961 591 1022; x_wconf 74' lang='lat' dir='ltr'>Ptolemaeum</span> <span class='ocrx_word' id='word_1_43' title='bbox 607 1006 619 1033; x_wconf 87' lang='lat'>‚</span> <span class='ocrx_word' id='word_1_44' title='bbox 634 981 734 1043; x_wconf 84' lang='lat' dir='ltr'>regem</span> <span class='ocrx_word' id='word_1_45' title='bbox 752 957 848 1052; x_wconf 88' lang='lat' dir='ltr'>Cypri</span> <span class='ocrx_word' id='word_1_46' title='bbox 864 1007 877 1038; x_wconf 94' lang='lat'>,</span> 
     </span>
     <span class='ocr_line' id='line_1_9' title="bbox 186 1041 905 1127; baseline -0.001 -23"><span class='ocrx_word' id='word_1_47' title='bbox 186 1042 307 1113; x_wconf 85' lang='lat' dir='ltr'>fratrem</span> <span class='ocrx_word' id='word_1_48' title='bbox 331 1047 405 1127; x_wconf 82' lang='lat' dir='ltr'>regis</span> <span class='ocrx_word' id='word_1_49' title='bbox 430 1041 648 1117; x_wconf 80' lang='lat' dir='ltr'>Alexandrini,</span> <span class='ocrx_word' id='word_1_50' title='bbox 674 1042 780 1102; x_wconf 90' lang='lat' dir='ltr'>eodem</span> <span class='ocrx_word' id='word_1_51' title='bbox 809 1063 873 1120; x_wconf 76' lang='lat' dir='ltr'>jure</span> <span class='ocrx_word' id='word_1_52' title='bbox 901 1056 905 1061; x_wconf 77' lang='grc'><strong>’</strong></span> 
     </span>
     <span class='ocr_line' id='line_1_10' title="bbox 189 1121 873 1208; baseline -0.003 -24"><span class='ocrx_word' id='word_1_53' title='bbox 189 1141 382 1208; x_wconf 81' lang='lat' dir='ltr'>regnantem,</span> <span class='ocrx_word' id='word_1_54' title='bbox 402 1121 487 1183; x_wconf 69' lang='lat' dir='ltr'>causi</span> <span class='ocrx_word' id='word_1_55' title='bbox 503 1123 670 1206; x_wconf 73' lang='lat' dir='ltr'>incogniti,</span> <span class='ocrx_word' id='word_1_56' title='bbox 685 1121 873 1203; x_wconf 80' lang='lat' dir='ltr'>publicalles,</span> 
     </span>
     <span class='ocr_line' id='line_1_11' title="bbox 189 1200 873 1287; baseline -0.003 -21"><span class='ocrx_word' id='word_1_57' title='bbox 189 1200 391 1287; x_wconf 76' lang='lat' dir='ltr'>populumque</span> <span class='ocrx_word' id='word_1_58' title='bbox 406 1202 574 1262; x_wconf 88' lang='lat' dir='ltr'>Romanum</span> <span class='ocrx_word' id='word_1_59' title='bbox 586 1203 692 1263; x_wconf 88' lang='lat' dir='ltr'>scelere</span> <span class='ocrx_word' id='word_1_60' title='bbox 706 1201 873 1284; x_wconf 82' lang='lat' dir='ltr'>obligass&#39;es:</span> 
     </span>
     <span class='ocr_line' id='line_1_12' title="bbox 179 1280 875 1367; baseline -0.006 -21"><span class='ocrx_word' id='word_1_61' title='bbox 179 1306 279 1367; x_wconf 24' lang='lat' dir='ltr'>,quum</span> <span class='ocrx_word' id='word_1_62' title='bbox 297 1286 326 1343; x_wconf 94' lang='lat' dir='ltr'>in</span> <span class='ocrx_word' id='word_1_63' title='bbox 344 1280 407 1362; x_wconf 80' lang='lat' dir='ltr'>ejus</span> <span class='ocrx_word' id='word_1_64' title='bbox 422 1303 572 1363; x_wconf 89' lang='lat' dir='ltr'>regnum,</span> <span class='ocrx_word' id='word_1_65' title='bbox 596 1283 696 1355; x_wconf 90' lang='lat' dir='ltr'>bona,</span> <span class='ocrx_word' id='word_1_66' title='bbox 713 1282 843 1343; x_wconf 84' lang='lat' dir='ltr'>fortunas</span> <span class='ocrx_word' id='word_1_67' title='bbox 862 1327 875 1357; x_wconf 90' lang='lat'>,</span> 
     </span>
    </p>
   </div>
   <div class='ocr_carea' id='block_1_3' title="bbox 84 1359 876 1444">
    <p class='ocr_par' dir='ltr' id='par_1_4' title="bbox 84 1359 876 1444">
     <span class='ocr_line' id='line_1_13' title="bbox 84 1359 876 1444; baseline -0.003 -20"><span class='ocrx_word' id='word_1_68' title='bbox 84 1379 86 1385; x_wconf 59' lang='lat'><strong><em>⁴</em></strong></span> <span class='ocrx_word' id='word_1_69' title='bbox 186 1364 372 1426; x_wconf 87' lang='lat' dir='ltr'>latrocinium</span> <span class='ocrx_word' id='word_1_70' title='bbox 389 1359 473 1442; x_wconf 80' lang='lat' dir='ltr'>hujus</span> <span class='ocrx_word' id='word_1_71' title='bbox 492 1365 605 1444; x_wconf 79' lang='lat' dir='ltr'>imperii</span> <span class='ocrx_word' id='word_1_72' title='bbox 621 1361 804 1437; x_wconf 81' lang='lat' dir='ltr'>immisiffes,</span> <span class='ocrx_word' id='word_1_73' title='bbox 826 1384 876 1423; x_wconf 91' lang='lat' dir='ltr'>cu·</span> 
     </span>
    </p>
   </div>
   <div class='ocr_carea' id='block_1_4' title="bbox 123 1442 898 2991">
    <p class='ocr_par' dir='ltr' id='par_1_5' title="bbox 187 1442 877 2325">
     <span class='ocr_line' id='line_1_14' title="bbox 189 1442 875 1525; baseline 0.003 -22"><span class='ocrx_word' id='word_1_74' title='bbox 189 1443 234 1525; x_wconf 82' lang='lat' dir='ltr'>jus</span> <span class='ocrx_word' id='word_1_75' title='bbox 255 1465 319 1504; x_wconf 90' lang='lat' dir='ltr'>cum</span> <span class='ocrx_word' id='word_1_76' title='bbox 335 1459 442 1524; x_wconf 88' lang='lat' dir='ltr'>patre,</span> <span class='ocrx_word' id='word_1_77' title='bbox 463 1464 550 1517; x_wconf 81' lang='lat' dir='ltr'>avo,</span> <span class='ocrx_word' id='word_1_78' title='bbox 573 1443 731 1524; x_wconf 76' lang='lat' dir='ltr'>majoribus</span> <span class='ocrx_word' id='word_1_79' title='bbox 751 1442 875 1505; x_wconf 85' lang='lat' dir='ltr'>societas</span> 
     </span>
     <span class='ocr_line' id='line_1_15' title="bbox 189 1521 875 1604; baseline -0.001 -19"><span class='ocrx_word' id='word_1_80' title='bbox 189 1525 276 1586; x_wconf 84' lang='lat' dir='ltr'>nobis</span> <span class='ocrx_word' id='word_1_81' title='bbox 299 1524 476 1584; x_wconf 84' lang='lat' dir='ltr'>&amp;amicitia</span> <span class='ocrx_word' id='word_1_82' title='bbox 500 1522 612 1584; x_wconf 82' lang='lat' dir='ltr'>fuillet:</span> <span class='ocrx_word' id='word_1_83' title='bbox 635 1521 718 1602; x_wconf 81' lang='lat' dir='ltr'>hujus</span> <span class='ocrx_word' id='word_1_84' title='bbox 742 1526 875 1604; x_wconf 81' lang='lat' dir='ltr'>pecuniae</span> 
     </span>
     <span class='ocr_line' id='line_1_16' title="bbox 190 1602 874 1687; baseline -0.001 -21"><span class='ocrx_word' id='word_1_85' title='bbox 190 1603 399 1687; x_wconf 86' lang='lat' dir='ltr'>deportandae,</span> <span class='ocrx_word' id='word_1_86' title='bbox 419 1604 471 1678; x_wconf 70' lang='grc' dir='ltr'>ἃ,</span> <span class='ocrx_word' id='word_1_87' title='bbox 491 1605 515 1663; x_wconf 88' lang='lat' dir='ltr'>si</span> <span class='ocrx_word' id='word_1_88' title='bbox 532 1607 594 1686; x_wconf 89' lang='lat' dir='ltr'>quis</span> <span class='ocrx_word' id='word_1_89' title='bbox 613 1603 692 1665; x_wconf 90' lang='lat' dir='ltr'>suum</span> <span class='ocrx_word' id='word_1_90' title='bbox 708 1602 753 1684; x_wconf 86' lang='lat' dir='ltr'>jus</span> <span class='ocrx_word' id='word_1_91' title='bbox 770 1602 874 1665; x_wconf 89' lang='lat' dir='ltr'>defen·</span> 
     </span>
     <span class='ocr_line' id='line_1_17' title="bbox 191 1682 876 1768; baseline -0.003 -22"><span class='ocrx_word' id='word_1_92' title='bbox 191 1687 301 1758; x_wconf 88' lang='lat' dir='ltr'>deret,</span> <span class='ocrx_word' id='word_1_93' title='bbox 322 1683 403 1746; x_wconf 94' lang='lat' dir='ltr'>bello</span> <span class='ocrx_word' id='word_1_94' title='bbox 422 1685 552 1768; x_wconf 88' lang='lat' dir='ltr'>gerendo</span> <span class='ocrx_word' id='word_1_95' title='bbox 571 1684 617 1745; x_wconf 87' lang='lat' dir='ltr'>M.</span> <span class='ocrx_word' id='word_1_96' title='bbox 637 1682 784 1747; x_wconf 87' lang='lat' dir='ltr'>Catonem</span> <span class='ocrx_word' id='word_1_97' title='bbox 824 1707 876 1744; x_wconf 85' lang='lat' dir='ltr'>rae·</span> 
     </span>
     <span class='ocr_line' id='line_1_18' title="bbox 188 1707 877 1845; baseline -0.004 -17"><span class='ocrx_word' id='word_1_98' title='bbox 188 1764 289 1829; x_wconf 84' lang='lat' dir='ltr'>fecisti.</span> <span class='ocrx_word' id='word_1_99' title='bbox 318 1762 435 1840; x_wconf 89' lang='lat' dir='ltr'>Dices,</span> <span class='ocrx_word' id='word_1_100' title='bbox 461 1765 563 1845; x_wconf 86' lang='lat' dir='ltr'>Quem</span> <span class='ocrx_word' id='word_1_101' title='bbox 587 1764 710 1826; x_wconf 81' lang='lat' dir='ltr'>virum?</span> <span class='ocrx_word' id='word_1_102' title='bbox 737 1707 877 1825; x_wconf 67' lang='lat' dir='ltr'>sanellssi-</span> 
     </span>
     <span class='ocr_line' id='line_1_19' title="bbox 188 1844 877 1928; baseline -0.009 -19"><span class='ocrx_word' id='word_1_103' title='bbox 188 1848 270 1909; x_wconf 89' lang='lat' dir='ltr'>mum</span> <span class='ocrx_word' id='word_1_104' title='bbox 281 1845 554 1928; x_wconf 88' lang='lat' dir='ltr'>‚prudentissimum</span> <span class='ocrx_word' id='word_1_105' title='bbox 564 1890 574 1920; x_wconf 96' lang='lat'>,</span> <span class='ocrx_word' id='word_1_106' title='bbox 584 1844 790 1916; x_wconf 86' lang='lat' dir='ltr'>fortissimum,</span> <span class='ocrx_word' id='word_1_107' title='bbox 802 1847 877 1903; x_wconf 89' lang='lat' dir='ltr'>ami-</span> 
     </span>
     <span class='ocr_line' id='line_1_20' title="bbox 189 1924 876 2012; baseline -0.004 -24"><span class='ocrx_word' id='word_1_108' title='bbox 189 1931 334 1990; x_wconf 82' lang='lat' dir='ltr'>cissimum</span> <span class='ocrx_word' id='word_1_109' title='bbox 353 1927 516 2012; x_wconf 71' lang='lat' dir='ltr'>reipublicae</span> <span class='ocrx_word' id='word_1_110' title='bbox 536 1971 546 2001; x_wconf 91' lang='lat'>,</span> <span class='ocrx_word' id='word_1_111' title='bbox 568 1927 674 1988; x_wconf 84' lang='lat' dir='ltr'>virtute</span> <span class='ocrx_word' id='word_1_112' title='bbox 694 1970 707 1998; x_wconf 88' lang='lat'>,</span> <span class='ocrx_word' id='word_1_113' title='bbox 729 1924 876 2000; x_wconf 82' lang='lat' dir='ltr'>consilio,</span> 
     </span>
     <span class='ocr_line' id='line_1_21' title="bbox 187 2004 877 2086; baseline -0.003 -17"><span class='ocrx_word' id='word_1_114' title='bbox 187 2012 303 2071; x_wconf 86' lang='lat' dir='ltr'>ratione</span> <span class='ocrx_word' id='word_1_115' title='bbox 319 2009 386 2068; x_wconf 80' lang='lat' dir='ltr'>vitae</span> <span class='ocrx_word' id='word_1_116' title='bbox 403 2008 525 2068; x_wconf 90' lang='lat' dir='ltr'>mirabili</span> <span class='ocrx_word' id='word_1_117' title='bbox 543 2007 581 2067; x_wconf 88' lang='lat' dir='ltr'>ad</span> <span class='ocrx_word' id='word_1_118' title='bbox 593 2006 709 2069; x_wconf 88' lang='lat' dir='ltr'>laudem</span> <span class='ocrx_word' id='word_1_119' title='bbox 718 2050 731 2076; x_wconf 87' lang='lat'>,</span> <span class='ocrx_word' id='word_1_120' title='bbox 750 2004 782 2064; x_wconf 71' lang='grc' dir='ltr'><strong>ἃ</strong></span> <span class='ocrx_word' id='word_1_121' title='bbox 800 2026 877 2086; x_wconf 83' lang='lat' dir='ltr'>pto-</span> 
     </span>
     <span class='ocr_line' id='line_1_22' title="bbox 187 2086 875 2169; baseline -0.006 -20"><span class='ocrx_word' id='word_1_122' title='bbox 187 2090 227 2169; x_wconf 75' lang='lat' dir='ltr'>pe</span> <span class='ocrx_word' id='word_1_123' title='bbox 250 2086 476 2168; x_wconf 43' lang='lat' dir='ltr'>singulariaSed</span> <span class='ocrx_word' id='word_1_124' title='bbox 496 2087 565 2167; x_wconf 92' lang='lat' dir='ltr'>quid</span> <span class='ocrx_word' id='word_1_125' title='bbox 588 2086 625 2146; x_wconf 78' lang='lat' dir='ltr'>ad</span> <span class='ocrx_word' id='word_1_126' title='bbox 648 2103 699 2158; x_wconf 93' lang='lat' dir='ltr'>te,</span> <span class='ocrx_word' id='word_1_127' title='bbox 719 2087 768 2167; x_wconf 91' lang='lat' dir='ltr'>qui</span> <span class='ocrx_word' id='word_1_128' title='bbox 786 2105 875 2169; x_wconf 82' lang='lat' dir='ltr'>negas</span> 
     </span>
     <span class='ocr_line' id='line_1_23' title="bbox 187 2165 876 2249; baseline 0.004 -22"><span class='ocrx_word' id='word_1_129' title='bbox 187 2165 244 2228; x_wconf 87' lang='lat' dir='ltr'>esse</span> <span class='ocrx_word' id='word_1_130' title='bbox 268 2186 397 2240; x_wconf 88' lang='lat' dir='ltr'>verum,</span> <span class='ocrx_word' id='word_1_131' title='bbox 419 2186 595 2249; x_wconf 89' lang='lat' dir='ltr'>quemquam</span> <span class='ocrx_word' id='word_1_132' title='bbox 615 2166 667 2226; x_wconf 93' lang='lat' dir='ltr'>ulli</span> <span class='ocrx_word' id='word_1_133' title='bbox 687 2165 730 2227; x_wconf 87' lang='lat' dir='ltr'>rei</span> <span class='ocrx_word' id='word_1_134' title='bbox 751 2166 876 2246; x_wconf 79' lang='lat' dir='ltr'>publicae</span> 
     </span>
     <span class='ocr_line' id='line_1_24' title="bbox 188 2243 553 2325; baseline -0.008 -17"><span class='ocrx_word' id='word_1_135' title='bbox 188 2264 269 2309; x_wconf 80' lang='lat' dir='ltr'>extra</span> <span class='ocrx_word' id='word_1_136' title='bbox 287 2246 421 2307; x_wconf 91' lang='lat' dir='ltr'>ordinem</span> <span class='ocrx_word' id='word_1_137' title='bbox 437 2243 553 2325; x_wconf 78' lang='lat' dir='ltr'>praefici.</span> 
     </span>
    </p>

    <p class='ocr_par' dir='ltr' id='par_1_6' title="bbox 123 2320 898 2991">
     <span class='ocr_line' id='line_1_25' title="bbox 207 2320 877 2406; baseline 0.003 -18"><span class='ocrx_word' id='word_1_138' title='bbox 207 2320 211 2329; x_wconf 72' lang='grc'><strong><em>’</em></strong></span> <span class='ocrx_word' id='word_1_139' title='bbox 229 2324 290 2388; x_wconf 87' lang='lat' dir='ltr'>IX.</span> <span class='ocrx_word' id='word_1_140' title='bbox 310 2323 408 2406; x_wconf 86' lang='lat' dir='ltr'>Atque</span> <span class='ocrx_word' id='word_1_141' title='bbox 426 2325 456 2385; x_wconf 88' lang='lat' dir='ltr'>in</span> <span class='ocrx_word' id='word_1_142' title='bbox 473 2325 532 2385; x_wconf 90' lang='lat' dir='ltr'>hoc</span> <span class='ocrx_word' id='word_1_143' title='bbox 546 2323 637 2385; x_wconf 77' lang='lat' dir='ltr'>solum</span> <span class='ocrx_word' id='word_1_144' title='bbox 654 2323 877 2397; x_wconf 71' lang='lat' dir='ltr'>inconstantiam</span> 
     </span>
     <span class='ocr_line' id='line_1_26' title="bbox 186 2401 875 2491; baseline -0.003 -20"><span class='ocrx_word' id='word_1_145' title='bbox 186 2408 331 2491; x_wconf 81' lang='lat' dir='ltr'>redarguo</span> <span class='ocrx_word' id='word_1_146' title='bbox 344 2420 423 2483; x_wconf 85' lang='lat' dir='ltr'>tuam</span> <span class='ocrx_word' id='word_1_147' title='bbox 433 2427 443 2478; x_wconf 83' lang='lat'>3</span> <span class='ocrx_word' id='word_1_148' title='bbox 455 2407 502 2486; x_wconf 89' lang='lat' dir='ltr'>qui</span> <span class='ocrx_word' id='word_1_149' title='bbox 517 2407 547 2465; x_wconf 92' lang='lat' dir='ltr'>in</span> <span class='ocrx_word' id='word_1_150' title='bbox 562 2401 624 2486; x_wconf 90' lang='lat' dir='ltr'>ipso</span> <span class='ocrx_word' id='word_1_151' title='bbox 637 2402 754 2468; x_wconf 87' lang='lat' dir='ltr'>Catone</span> <span class='ocrx_word' id='word_1_152' title='bbox 765 2428 875 2489; x_wconf 86' lang='lat' dir='ltr'>,quern</span> 
     </span>
     <span class='ocr_line' id='line_1_27' title="bbox 186 2484 887 2569; baseline -0.006 -17"><span class='ocrx_word' id='word_1_153' title='bbox 186 2506 220 2551; x_wconf 86' lang='lat' dir='ltr'>tu</span> <span class='ocrx_word' id='word_1_154' title='bbox 243 2509 304 2551; x_wconf 88' lang='lat' dir='ltr'>non</span> <span class='ocrx_word' id='word_1_155' title='bbox 327 2507 382 2569; x_wconf 93' lang='lat' dir='ltr'>pro</span> <span class='ocrx_word' id='word_1_156' title='bbox 403 2484 476 2547; x_wconf 90' lang='lat' dir='ltr'>illiu&#39;s</span> <span class='ocrx_word' id='word_1_157' title='bbox 502 2484 531 2546; x_wconf 92' lang='lat' dir='ltr'>di</span> <span class='ocrx_word' id='word_1_158' title='bbox 551 2488 641 2546; x_wconf 88' lang='lat' dir='ltr'>nitate</span> <span class='ocrx_word' id='word_1_159' title='bbox 665 2487 844 2566; x_wconf 80' lang='lat' dir='ltr'>produxeras</span> <span class='ocrx_word' id='word_1_160' title='bbox 863 2492 887 2563; x_wconf 83' lang='lat'>,&#39;</span> 
     </span>
     <span class='ocr_line' id='line_1_28' title="bbox 187 2507 898 2654; baseline -0.001 -23"><span class='ocrx_word' id='word_1_161' title='bbox 187 2570 239 2632; x_wconf 86' lang='lat' dir='ltr'>sed</span> <span class='ocrx_word' id='word_1_162' title='bbox 253 2570 314 2654; x_wconf 87' lang='lat' dir='ltr'>pro&#39;</span> <span class='ocrx_word' id='word_1_163' title='bbox 323 2582 376 2629; x_wconf 85' lang='lat' dir='ltr'>tuo&#39;</span> <span class='ocrx_word' id='word_1_164' title='bbox 389 2564 495 2629; x_wconf 72' lang='lat' dir='ltr'>scelere</span> <span class='ocrx_word' id='word_1_165' title='bbox 508 2507 703 2641; x_wconf 37' lang='lat' dir='ltr'>,sulrduxeraffi</span> <span class='ocrx_word' id='word_1_166' title='bbox 717 2569 875 2649; x_wconf 79' lang='lat' dir='ltr'>quemtuis</span> <span class='ocrx_word' id='word_1_167' title='bbox 896 2609 898 2613; x_wconf 92' lang='lat'><em>-</em></span> 
     </span>
     <span class='ocr_line' id='line_1_29' title="bbox 188 2646 875 2734; baseline -0.001 -22"><span class='ocrx_word' id='word_1_168' title='bbox 188 2649 315 2734; x_wconf 79' lang='lat' dir='ltr'>Sergiis,</span> <span class='ocrx_word' id='word_1_169' title='bbox 328 2648 444 2723; x_wconf 89' lang='lat' dir='ltr'>Lolliis,</span> <span class='ocrx_word' id='word_1_170' title='bbox 456 2646 558 2724; x_wconf 84' lang='lat' dir='ltr'>Titiis,</span> <span class='ocrx_word' id='word_1_171' title='bbox 573 2646 729 2728; x_wconf 86' lang='lat' dir='ltr'>ceterisque</span> <span class='ocrx_word' id='word_1_172' title='bbox 742 2648 827 2710; x_wconf 86' lang='lat' dir='ltr'>caedis</span> <span class='ocrx_word' id='word_1_173' title='bbox 840 2649 875 2711; x_wconf 70' lang='grc' dir='ltr'>ὅ(</span> 
     </span>
     <span class='ocr_line' id='line_1_30' title="bbox 123 2727 876 2811; baseline -0.003 -20"><span class='ocrx_word' id='word_1_174' title='bbox 123 2774 125 2778; x_wconf 63' lang='grc'><em>»</em></span> <span class='ocrx_word' id='word_1_175' title='bbox 188 2731 391 2807; x_wconf 86' lang='lat' dir='ltr'>incendiorum</span> <span class='ocrx_word' id='word_1_176' title='bbox 420 2728 538 2811; x_wconf 80' lang='lat' dir='ltr'>ducibus</span> <span class='ocrx_word' id='word_1_177' title='bbox 568 2727 720 2810; x_wconf 85' lang='lat' dir='ltr'>objeceras</span> <span class='ocrx_word' id='word_1_178' title='bbox 744 2751 755 2802; x_wconf 83' lang='lat'>3</span> <span class='ocrx_word' id='word_1_179' title='bbox 786 2749 876 2810; x_wconf 87' lang='lat' dir='ltr'>quern</span> 
     </span>
     <span class='ocr_line' id='line_1_31' title="bbox 188 2808 886 2891; baseline -0.003 -19"><span class='ocrx_word' id='word_1_180' title='bbox 188 2809 503 2884; x_wconf 80' lang='lat' dir='ltr'>carnificem&#39;civium&#39;,</span> <span class='ocrx_word' id='word_1_181' title='bbox 527 2814 615 2891; x_wconf 84' lang='lat' dir='ltr'>qu&#39;e&#39;m</span> <span class='ocrx_word' id='word_1_182' title='bbox 639 2808 886 2871; x_wconf 77' lang='lat' dir='ltr'>indemnatorum</span> 
     </span>
     <span class='ocr_line' id='line_1_32' title="bbox 187 2889 875 2991; baseline -0.001 -36"><span class='ocrx_word' id='word_1_183' title='bbox 187 2892 264 2955; x_wconf 87' lang='lat' dir='ltr'>necis</span> <span class='ocrx_word' id='word_1_184' title='bbox 279 2890 466 2991; x_wconf 74' lang='lat' dir='ltr'>principem,</span> <span class='ocrx_word' id='word_1_185' title='bbox 482 2910 572 2979; x_wconf 79' lang='lat' dir='ltr'>quem</span> <span class='ocrx_word' id='word_1_186' title='bbox 586 2889 760 2987; x_wconf 69' lang='lat' dir='ltr'>crudelitatis</span> <span class='ocrx_word' id='word_1_187' title='bbox 772 2889 875 2983; x_wconf 63' lang='lat' dir='ltr'>epilo-</span> 
     </span>
    </p>
   </div>
   <div class='ocr_carea' id='block_1_5' title="bbox 0 0 1064 3942">
    <p class='ocr_par' dir='ltr' id='par_1_7' title="bbox 0 0 1064 3942">
     <span class='ocr_line' id='line_1_33' title="bbox 0 0 1064 3942; baseline 0 0"><span class='ocrx_word' id='word_1_188' title='bbox 0 0 1064 3942; x_wconf 95' lang='lat' dir='ltr'> </span> 
     </span>
    </p>
   </div>
  </div>
 </body>
</html>
