2117 3942
194 423 273 502 294
417 400 647 471 Oumo

194 520 210 602 (
226 519 267 582 est
282 517 358 579 erim
373 536 420 576 res
436 514 600 595 ejusmodi,
613 533 665 591 ut,
681 514 703 574 si
716 515 768 574 tibi
784 517 879 579 morib

191 603 226 661 in
240 615 371 659 mentem
388 600 493 670 veuit,
513 618 604 658 nemo
623 601 680 667 sit,
699 598 749 676 qui
767 613 799 657 te
817 599 878 658 ullo

191 682 319 740 amciatu
333 674 391 737 elle
404 677 554 760 indignum
565 674 675 760 putet)
689 676 879 757 cogitarisne,

191 762 225 820 iu
242 761 293 820 illo
311 774 363 818 tuo
378 759 575 836 intolerabili,
597 775 657 818 uon
671 777 765 838 regno
785 756 879 840 (nam

191 841 276 921 cupis
290 840 320 899 ld
332 836 452 979 audire?
464 837 514 900 sed
527 840 700 910 latrocinio,
712 857 804 920 augur
815 837 880 900 ficri

192 922 224 988 in
240 920 285 1000 Q.
303 919 421 980 Metelli
446 919 561 980 ocum?
581 936 634 994 ut,
656 920 832 1000 quicumque
847 935 878 981 ae

191 997 384 1082 adsperiffet‚
401 1000 549 1082 duplicem
563 999 702 1062 dolorem
720 1002 879 1081 gemitum·

217 1102 253 1141 ue
269 1078 444 1160 susciperet,
466 1081 499 1141 &
514 1101 552 1142 ex
568 1079 714 1142 desiderio
730 1079 878 1139 clarissimi

231 1201 234 1216 .
248 1160 394 1220 fortissimi
405 1161 479 1220 civis
493 1204 503 1233 ,
518 1162 551 1222 ἃ
564 1181 604 1222 ex
620 1161 734 1220 honore
749 1163 878 1240 turpissi-

191 1244 236 1303 mi
253 1258 339 1322 atque
355 1241 587 1321 improbissimi?
609 1239 738 1302 Adeone
753 1261 817 1301 nou
833 1240 879 1300 la·

192 1320 340 1383 uelatum
354 1321 563 1400 rempublicam
578 1337 609 1383 te
624 1322 742 1381 tribuno
752 1365 765 1392 ‚
779 1338 877 1402 neque

195 1399 411 1489 conquassatam
424 1402 595 1473 civitatem,
607 1401 659 1462 sed
674 1405 791 1482 captam
803 1401 883 1467 bauz.

191 1481 298 1542 urbem
319 1480 553 1562 a'tqueeversam
571 1484 712 1564 putare'sr
729 1488 763 1543 ut
781 1501 877 1566 augu-

190 1581 257 1623 cem
273 1561 424 1621 Vatinium
439 1559 517 1622 ferre
531 1561 702 1643 pollemus?

235 1659 284 1702 20.
306 1641 374 1702 Hoc
388 1641 456 1702 loco
492 1665 593 1717 uaero,
609 1646 652 1716 si,
668 1643 699 1702 id
710 1642 794 1725 quod
808 1664 879 1704 corr·

190 1725 349 1804 cupiens,
370 1743 459 1805 augur
473 1664 567 1783 iatius
588 1723 659 1783 elles
676 1726 726 1782 :in
747 1745 805 1805 qua
827 1742 878 1785 tua

189 1805 371 1886 ,cogitatione
384 1824 458 1883 nos,
469 1807 517 1884 qui
530 1821 560 1864 te
573 1804 747 1877 oderamus,
762 1807 813 1864 vix
823 1804 878 1864 do·

187 1883 289 1945 iorem
307 1882 471 1944 ferebamus
482 1904 492 1956 3
505 1884 546 1944 illi
559 1900 677 1955 autem,
695 1884 798 1965 quibus
813 1904 879 1946 eras

187 1966 223 2025 in
239 1965 368 2038 deliciis,
387 1966 437 2022 vix
453 1963 538 2025 risum
553 1965 712 2025 tenebant:
727 1964 777 2031 sed
794 1985 878 2046 quae·

188 2065 251 2119 ro,
269 2048 293 2104 si
315 2044 351 2104 ad
369 2061 466 2104 cetera
485 2045 630 2118 vulnera,
649 2044 751 2127 quibus
773 2044 878 2125 putasti

143 2144 145 2147 ’
189 2125 402 2204 rempublicam
419 2124 529 2196 deleri,
548 2125 622 2185 hanc
636 2144 754 2207 quoque
769 2141 879 2185 mortr-

189 2202 285 2263 feram
310 2203 426 2285 plagam
452 2205 594 2266 inflixilles
620 2203 772 2288 auguratus
796 2208 837 2265 mi
865 2227 876 2280 3

186 2285 284 2343 atrum
303 2285 470 2343 decreturus
486 2285 572 2345 fueris
585 2286 639 2359 id,
657 2285 738 2367 quod
753 2306 789 2344 au
811 2306 877 2364 ures

187 2383 294 2426 omnes
305 2362 391 2445 usque
402 2385 419 2423 a
429 2363 560 2426 Romulo
574 2306 878 2439 decreverunr‚iove

185 2443 342 2528 fulgente,
360 2464 427 2503 cum
440 2446 553 2526 populo
569 2450 614 2528 agi
628 2445 708 2506 nefas
725 2443 782 2507 elle
795 2492 805 2519 ,
819 2467 874 2520 aa,

186 2529 257 2608 quia
272 2524 432 2665 tudissqnqper
448 2524 627 2667 siczegillem
645 2526 770 2608 auspicia
788 2525 874 2588 fiterio

186 2627 206 2667 a
246 2628 278 2666 ur
349 2623 476 2666 outurus

187 2627 285 2749 ἼΧ.
305 2687 373 2761 Ac,
390 2707 427 2747 ne
443 2688 548 2747 diutius
565 2688 668 2770 loquar
681 2687 719 2747 de
737 2701 873 2769 augurata

188 2779 242 2824 tuo
259 2766 364 2848 (quod
381 2770 487 2828 invitus
502 2769 601 2843 facio,
616 2785 650 2828 ut
665 2768 806 2829 recorder
818 2768 873 2827 rui.-

187 2862 240 2902 oas
257 2849 423 2926 reipublicae
439 2869 446 2906 c
463 2852 649 2929 nequeenim
666 2866 698 2909 tu
714 2868 871 2930 umquam,

186 2921 279 2990 llante
300 2930 363 2990 noo
382 2928 475 2991 modb
494 2929 645 3012 majestate
664 2930 797 3004 horum,
821 2925 870 2990 Μ
