2117 3942
264 376 345 479 '500
491 378 566 449 Oa
578 396 606 449 a
622 394 678 449 τι
694 397 721 448 ο
904 450 908 455 .

312 520 362 565 aas
379 494 519 563 editicii:
540 496 623 561 hanc
643 493 728 560 enim
748 491 877 560 Licinia
894 497 937 565 lca

304 591 494 681 facultatem
517 588 687 680 accusatori
705 586 809 655 dabat
834 590 870 656 ia
891 591 936 659 σὲ

314 688 400 755 miae
416 685 636 778 defidaliciis.
656 682 883 754 Mauvcws.

267 895 293 958 1.
311 828 474 987 Quum
493 915 614 980 propter
630 901 778 981 egregiam
801 899 834 960 &
855 899 937 981 singo-

268 978 359 1038 larem
369 977 431 1039 Cn.
442 978 569 1052 Plancii,
584 980 600 1040 J
603 980 698 1039 udices
709 1024 720 1052 ‚
733 981 765 1038 in
784 1001 851 1041 mea
865 978 938 1039 salute

268 1055 455 1129 custodienda
470 1057 580 1132 fidem,
599 1076 660 1118 tam
679 1060 793 1119 multos
809 1060 843 1120 &
858 1060 938 1119 bonos

268 1139 349 1196 vicos
361 1136 423 1215 ejus
443 1137 549 1197 honori
565 1137 698 1198 viderem
722 1136 782 1199 esse
802 1137 936 1207 fautorem

268 1217 420 1296 capiebam
440 1220 538 1277 animo
559 1238 620 1277 non
639 1216 827 1278 mediocrem
847 1218 936 1296 volup·

268 1312 383 1370 tatem,
407 1296 485 1377 quod
510 1294 591 1376 cujus
617 1294 747 1357 officium
774 1298 850 1358 mssai
874 1294 938 1358 saluti

270 1373 382 1449 fuisset,
395 1380 423 1436 ei
438 1395 572 1436 meorum
587 1392 756 1456 temporum
782 1379 938 1439 memoriam

270 1453 412 1538 suffiagari
422 1455 570 1516 videbam.
583 1456 684 1534 Quum
695 1474 801 1516 autem
811 1459 940 1525 audirem,

269 1553 354 1594 meos
372 1536 477 1614 partim
503 1537 659 1606 inimicos,
683 1539 793 1616 partim
820 1537 940 1607 invidos,

271 1614 338 1674 huic
351 1613 522 1674 accusationi
532 1613 589 1675 effe
599 1614 748 1688 fautores,
761 1618 942 1696 eamdemque

271 1713 334 1754 rem
348 1693 537 1755 adversariam
554 1693 610 1755 effe
625 1693 782 1773 injudicio
803 1696 860 1759 Ca·
870 1696 942 1756 Plan-

272 1777 340 1848 cio,
356 1797 419 1857 quae
432 1777 461 1833 in
478 1778 620 1856 petitione
637 1773 732 1837 fuisset
746 1775 889 1856 ad'juttix3
903 1775 943 1835 do·

270 1856 390 1927 lebam,
412 1853 551 1929 Iudices,
571 1856 604 1915 &
624 1856 728 1915 acerbe
755 1856 906 1927 ferebam,
923 1855 942 1913 si

270 1933 355 1995 hu‘us
378 1935 449 1996 salus
472 1934 512 1994 ob
543 1955 608 1996 eam
634 1933 724 2015 ipsam
747 1938 863 1998 causam
886 1932 941 1996 effet

271 1957 419 2089 inssestiom
434 2014 514 2095 quod
530 2017 553 2074 is
569 2035 663 2075 meam
672 2013 799 2077 salutem
813 2035 894 2098 atque
905 2015 941 2072 vi·

271 2113 332 2153 cam
351 2095 399 2155 sui
421 2094 653 2166 benevolentia,
676 2098 840 2176 praesidio,
861 2095 941 2158 msto·

276 2174 381 2253 diaque
400 2174 521 2235 texiss'et.

314 2272 342 2311 2.
358 2253 444 2311 Nunc
461 2272 557 2314 autem
575 2252 690 2327 vester,
709 2252 851 2331 Iudices,
875 2276 938 2316 con·

271 2328 402 2411 (pestus,
420 2334 452 2391 δι
461 2332 601 2393 conseffus
613 2333 662 2393 iste
678 2332 788 2409 reficit,
804 2339 943 2398 &recreat

271 2427 402 2472 mentem
414 2431 527 2486 meam,
540 2434 629 2493 quum
640 2415 756 2475 intueor
771 2418 806 2476 &
820 2435 941 2478 comem·

295 2493 339 2551 lor
356 2513 589 2574 unumquemque
605 2491 749 2554 vestn‘cm:
766 2498 859 2559 video
878 2497 941 2558 enim

272 2515 329 2634 ξος
348 2575 376 2632 in
398 2593 520 2634 numero
539 2575 706 2648 neminem,
733 2579 781 2636 cui
800 2599 867 2638 mea
884 2575 941 2637 salus

273 2673 338 2711 cara
355 2674 414 2712 non
432 2651 539 2725 fuerit;
560 2652 640 2731 cujus
661 2675 722 2713 non
744 2655 838 2717 exstet
860 2659 942 2716 inme

272 2729 413 2792 summum
433 2737 587 2804 meritum3
604 2735 649 2792 cui
661 2755 722 2792 non
738 2737 793 2795 sim
809 2735 941 2796 obstrissus

273 2814 417 2871 memorii
430 2812 562 2873 beneficii
573 2812 757 2894 sempiterna.
775 2814 879 2896 ltaque
893 2833 942 2874 non

274 2891 448 2968 extimesco,
467 2915 505 2956 ne
524 2891 583 2956 Cn.
598 2891 716 2956 Plancio
736 2894 867 2960 custodia
882 2912 942 2956 mee
