2117 3942
192 379 290 449 Pno
319 381 395 450 Cn.
425 380 661 452 Plancio.
697 360 780 477 327

165 495 298 556 videmus
314 495 540 576 quamplurimos
550 495 699 578 gratiosos.
718 496 782 557 De·

155 579 214 636 atio
233 576 400 647 tribulium,
421 576 574 658 descriptio
587 577 694 659 'populi
705 577 782 650 ‚suf-

156 659 183 716 ia
197 657 353 737 largitione
370 654 522 728 denuda,
541 655 723 718 severitatem
736 658 781 719 se·

155 746 197 810 ts,
222 737 254 796 &
273 737 420 795 bonorum
439 738 569 795 omniurn
590 740 651 796 vim
668 737 780 820 aebdo-

158 838 187 877 rn
203 818 380 877 excitarunt:
396 816 456 875 haec
473 816 570 890 doce,
585 815 646 876 haec
682 817 780 894 roser,

161 898 318 969 incumbe,
330 895 493 956 Laterensis
505 941 515 970 ‚
527 897 625 956 decuri
665 917 682 958 e
695 897 781 958 Plan·

155 999 190 1051 n,
200 974 411 1058 conscripsisse,
424 975 600 1058 sequestrem
609 975 706 1049 fuisse,
715 1000 783 1059 pro·

156 1056 256 1131 nasse,
277 1055 422 1129 divisisie3
440 1074 503 1116 tum
515 1057 642 1118 mirabor
660 1102 672 1129 ,
694 1074 725 1118 te
747 1060 782 1118 iis
876 1110 880 1114 .

158 1141 182 1198 is
202 1141 244 1198 uti
263 1183 273 1212 ‚
292 1158 357 1218 quae
374 1138 426 1196 tibi
441 1138 489 1198 lex
509 1137 616 1212 dabat,
634 1135 754 1199 noluisse
772 1158 783 1198 t

155 1217 244 1279 usibus
261 1221 339 1278 enim
357 1215 524 1295 judicibus,
547 1238 607 1278 non
623 1219 716 1278 modo
737 1216 784 1280 se·

156 1303 251 1359 itatem
269 1299 404 1372 illorum,
425 1301 449 1359 si
467 1296 518 1358 ista
535 1318 606 1360 vera
624 1296 713 1369 sunt,
731 1296 783 1360 sed

156 1379 250 1441 vultus
271 1378 389 1460 quidem
414 1376 491 1439 serre
512 1377 669 1460 possemus.
696 1377 782 1439 Hanc

156 1462 289 1522 'ationem
307 1480 394 1542 quum
415 1458 540 1543 sugetis,
564 1480 712 1542 quumque
729 1480 783 1520 eos

156 1561 209 1602 ,ces
226 1540 333 1602 habere
351 1540 498 1614 nolueris,
515 1562 640 1636 quorum
651 1544 681 1601 in
697 1538 782 1620 hujus

158 1622 205 1683 sio
223 1643 312 1702 quum
328 1619 443 1680 scientia
461 1624 638 1695 certissima,
650 1638 713 1681 turn
726 1621 784 1682 do·

160 1705 345 1786 gravissimus
359 1697 415 1760 esse
434 1698 568 1760 debuerit
587 1719 598 1774 ;
617 1700 686 1781 quid
706 1701 785 1782 apud

168 1785 263 1857 dices,
282 1782 331 1863 qui
345 1781 396 1840 abs
413 1795 443 1840 te
460 1780 539 1840 taciti
552 1782 717 1862 requirunt,
734 1801 784 1842 cur

156 1890 158 1921 ι
176 1863 228 1924 sibi
248 1864 343 1923 oneris
356 1858 544 1941 imposueris,
558 1859 650 1921 curse
689 1861 787 1920 otissi·

156 1966 182 2005 m
202 1944 368 2026 delegeris,
389 1961 438 2000 cur
460 1940 586 2022 denique
605 1937 634 2000 se
676 1942 784 2001 'vinare

156 2028 256 2099 ueris,
275 2021 362 2106 quim
383 2041 435 2082 eos
449 2029 464 2096 ,’
480 2022 529 2102 qui
551 2020 683 2097 scirent,
708 2018 789 2102 judi·

156 2105 197 2148 .>

156 2182 240 2244 (IX.
267 2181 332 2264 Ego
355 2180 524 2256 Plancium,
544 2179 728 2256 Laterensis,
752 2181 787 2244 δι

156 2285 192 2325 rm
212 2262 366 2348 gratiosum
385 2260 440 2324 effe
462 2261 552 2338 dico,
569 2263 601 2327 δι
615 2261 739 2326 habuisse
757 2264 787 2324 in

156 2349 243 2407 irione
268 2345 373 2405 multos
397 2343 517 2426 cupidos
537 2343 578 2404 sui
597 2388 608 2417 ‚
628 2345 788 2482 gsratiosos3

156 2450 178 2488 ›s
197 2446 227 2488 tu
241 2429 265 2487 si
282 2426 393 2486 sodales
410 2446 518 2498 vocas,
537 2423 632 2484 officio
647 2446 694 2483 am
714 2423 790 2482 arni·

156 2530 220 2581 am,
239 2509 359 2566 nomine
379 2506 510 2584 inquinas
528 2502 701 2562 criminoso:
725 2503 791 2574 sin,

156 2610 172 2648 a
192 2587 309 2682 gratiosi
325 2583 407 2656 sunt,
423 2580 596 2642 accusandos
608 2599 713 2662 putas;
729 2581 791 2642 noli

156 2689 222 2740 an,
240 2683 269 2726 te
286 2665 339 2737 id,
357 2661 439 2745 quod
456 2679 505 2721 tua
522 2661 643 2744 dignitas
662 2660 791 2749 postula:-

157 2793 164 2820 ,
183 2767 213 2806 re
236 2743 364 2805 udiandis
381 2741 571 2826 gratiosorum
586 2743 713 2804 amicitiis
728 2752 788 2806 nori

157 2848 198 2887 ea
221 2843 346 2886 ecutunr.

157 2927 198 2987 47.
220 2907 300 2983 Jarn,
315 2924 347 2967 ut
359 2925 416 2988 ego
434 2903 548 2979 doceo,
565 2890 718 2988 gratiosum
731 2902 788 2968 esse
