2117 3942
396 237 423 257 j
508 233 510 237 r

200 462 202 466 ,
243 377 714 461 PnoCu.PzArtc1o.
756 386 825 480 5'2'l

188 520 235 580 34.
249 501 325 581 Quae
338 505 413 562 enim
428 515 563 584 umquam
573 503 625 564 fuit
635 505 751 567 Plancio
765 502 829 565 vox'
893 536 895 541 v

142 584 326 643 contumeliae
349 587 469 662 potibs,
490 585 578 664 qudm
597 584 729 646 doloris?
756 587 828 668 quid

142 662 184 723 est
206 681 301 722 autem
326 684 462 743 umquam
483 663 615 744 questus,
634 668 686 725 nisi
702 689 790 746 quum
808 688 827 726 a

141 742 241 816 sociis,
254 743 285 801 &
300 765 315 800 a
329 742 357 801 se
371 742 501 821 injuriam
515 743 712 823 propulsaret?
723 746 826 826 Quum

139 823 255 884 senatus
272 822 476 902 impediretur,
494 824 552 903 quo
570 826 682 898 minlts,
702 828 730 884 id
745 827 827 906 quod

140 903 270 964 hostibus
296 902 409 982 semper
431 920 491 963 erat
516 903 677 976 tributum,
703 904 825 985 respon·

139 984 203 1043 sum
223 983 364 1061 equitibus
384 983 523 1043 Romanis
543 983 738 1058 redderetur,
758 1007 827 1043 om·

140 1065 227 1124 nibus
248 1063 295 1121 illa
322 1061 424 1139 iniuria
453 1064 548 1122 dolori
572 1065 729 1142 publicanis
751 1064 827 1137 fuit;

139 1143 192 1204 sed
216 1163 283 1202 eum
307 1143 398 1223 ipsum
421 1144 555 1203 dolorem
583 1143 629 1202 hic
650 1146 714 1203 tulit
738 1144 826 1223 paulli¹

140 1225 286 1304 apertiltst
302 1227 462 1282 communis
478 1223 526 1282 ille
542 1222 635 1281 sensus
653 1227 680 1282 in
698 1222 759 1283 aliis
769 1223 827 1283 for·

140 1302 212 1362 tasse
226 1302 326 1374 latuit;
343 1304 408 1375 hic,
427 1303 507 1385 quod
527 1323 593 1361 cum
613 1306 714 1363 ceteris
727 1305 825 1363 animo

140 1382 301 1453 sentiebat,
314 1383 343 1442 id
354 1386 461 1464 magis,
475 1383 561 1462 qubm
575 1387 682 1458 ceteri,
698 1383 730 1444 &
745 1384 826 1446 vultu

139 1463 311 1545 promptum
332 1464 429 1523 habuit
441 1468 460 1534 ,'
472 1464 502 1522 δι
521 1463 629 1545 lingui.

185 1562 233 1623 35.
246 1542 448 1623 Quamquam,
458 1542 571 1603 Iudices
581 1543 594 1624 (
606 1543 735 1625 agnosco·
746 1544 826 1604 enim

111 1635 115 1639 ’
141 1645 178 1684 ex
201 1622 277 1704 me)
297 1623 439 1702 permulta
458 1626 487 1681 in
505 1623 672 1696 Plancium,
697 1644 758 1703 quae
786 1625 824 1681 ab

140 1725 178 1764 eo
190 1724 347 1782 numquam
366 1702 438 1770 uitta
452 1700 533 1773 sunt,
544 1704 739 1762 conferuntur.
759 1701 781 1761 Ε
803 1725 825 1763 o

141 1785 208 1864 quia
230 1783 297 1841 dico
318 1782 424 1862 aliquid
446 1781 623 1860 aliquando,
648 1803 708 1840 non
731 1723 826 1841 studio

141 1862 300 1934 adduslus,
319 1863 368 1921 sed
394 1863 585 1920 contentione
613 1861 752 1934 dicendi,
776 1862 827 1920 aut

140 1945 308 2013 lacessitus,
331 1943 362 2000 &
384 1943 469 2020 quia,
486 1956 516 1997 ut
534 1939 566 1998 fit
584 1942 613 1998 in
632 1942 746 2010 multis,
766 1938 828 2000 exit

140 2023 297 2104 aliqnando
312 2022 437 2101 aliquid,
456 2023 478 2078 si
494 2041 555 2077 non
568 2019 745 2098 perfacetum
758 2064 767 2092 ,
782 2037 826 2078 at·

140 2121 240 2164 tamen
258 2101 373 2160 fortasse
392 2098 608 2175 ‚nonruslicum
620 2122 629 2158 :⁴
642 2101 721 2180 quod
745 2103 828 2180 quis-'

140 2203 200 2264 que
222 2182 309 2252 dixit,
328 2202 375 2240 me
397 2181 424 2239 id
445 2177 540 2238 dixille
562 2180 668 2239 dicunt.
691 2180 755 2260 Ego
773 2203 826 2239 au·
887 2205 889 2208 ·

141 2281 225 2334 tem,
243 2263 266 2318 si
285 2262 353 2342 quid
379 2259 441 2334 est,
462 2261 543 2341 quod
562 2261 631 2320 mihi
650 2259 747 2320 scitum
767 2260 828 2321 esle'

139 2344 292 2415 videatur,
315 2342 480 2417 &homine
499 2344 626 2422 ingenuo
647 2343 765 2424 dignum
779 2358 825 2399 at·

140 2443 197 2502 que
216 2422 324 2495 doslo,
340 2443 401 2481 non
420 2422 556 2501 aspernor
570 2442 577 2479 :
590 2421 754 2480 stomachor
767 2439 825 2478 ve-

141 2505 193 2574 rb,
214 2523 302 2579 quum
324 2503 444 2560 aliorum
468 2520 529 2558 non
552 2520 601 2559 me
623 2502 708 2580 digna
727 2503 756 2557 in
775 2517 828 2558 me

141 2582 337 2641 conferuntur.
359 2579 434 2638 Nam
453 2579 532 2658 qubd
551 2581 658 2658 primus
682 2579 763 2637 scivit
780 2578 823 2636 le·

141 2683 209 2744 gem
230 2662 267 2720 de
290 2659 465 2738 publicanis,
483 2675 567 2730 tum,
588 2679 675 2738 quum
693 2661 738 2716 vit
756 2679 821 2717 am-

141 2739 285 2820 plissimus
306 2737 404 2798 consul
422 2737 451 2796 id
471 2738 510 2795 illi
536 2739 629 2797 ordini
652 2758 705 2817 per
725 2760 764 2819 po
788 2760 824 2798 u-

142 2824 201 2882 lum
218 2819 313 2892 dedit,
328 2818 407 2899 quod
418 2839 474 2897 ‘pet
487 2817 634 2890 senarum,
655 2820 677 2877 si
693 2760 825 2892 licuiller„

143 2897 284 2973 dedissem
307 2901 328 2959 si
343 2905 371 2960 in
390 2920 426 2960 eo
447 2900 555 2961 crimen
577 2898 635 2973 est,
653 2902 716 2983 quia
727 2899 825 2969 sullia÷
