2117 3942
237 330 337 404 Pno
364 330 442 404 cn.
465 328 704 404 nmero:
747 335 831 428 '539

144 464 202 530 que
224 444 365 509 dise'nusr
376 424 482 528 quietus
498 446 615 530 quisque
634 443 702 526 juris
718 447 831 529 peritus

140 528 205 590 est?
238 544 270 588 ut
290 546 344 588 eos
366 546 526 601 numeres,
547 532 597 610 qui
620 527 725 588 volunt
746 526 831 588 effer

140 607 268 692 quodsi
290 625 431 689 praeterea
451 609 567 668 honore
587 609 689 690 dignus
714 621 833 685 nemo,¹

139 689 278 772 quidnam
298 705 344 748 tot
360 690 479 769 optimis
497 689 530 750 δι
549 691 734 750 ornatissimis
754 689 830 753 civia

140 771 195 832 bus
215 768 257 830 est
276 765 428 828 futurum?
863 809 865 812 -
933 833 950 844 ,

180 847 313 910 XXVL
332 847 421 910 Iubes
440 847 587 909 Plancium
608 849 645 909 de
667 850 743 908 vitiis
764 847 829 910 La·

139 931 261 993 terensis
279 929 388 990 dicere.
409 927 489 990 Nihil
507 929 621 1012 potest,
637 930 690 988 nisi
704 948 771 989 eum
783 932 830 990 ni⁴

140 1013 197 1072 nis
216 1008 293 1070 inse
314 1010 481 1071 iracundum
521 1011 613 1071 utebis
630 1007 721 1070 iuiffe.
741 1008 830 1071 ldenf

140 1089 228 1153 effers
238 1090 423 1151 Laterensem
440 1033 582 1152 laudibus.
607 1091 703 1152 Facile
719 1092 827 1171 patior,-

140 1173 172 1231 id
192 1188 224 1231 te
246 1190 337 1252 agere*
352 1170 448 1230 multis
466 1173 585 1245 verbis,
604 1170 684 1252 quod
701 1171 737 1229 ad
750 1170 828 1251 judi-

140 1255 220 1312 cium
243 1271 304 1311 non
322 1254 465 1333 pertineat
476 1270 490 1326 3<
508 1254 541 1314 δι
558 1253 588 1312 id
603 1266 633 1313 te
648 1250 831 1313 accusantem

140 1331 253 1392 tamdiu
276 1331 394 1408 dicere,
420 1332 500 1414 quod
520 1353 579 1418 ego
605 1330 739 1392 defensor
764 1334 831 1392 sine

141 1413 273 1495 periculo
286 1414 395 1494 possim
406 1413 548 1477 confiteri.
560 1413 602 1475 At
623 1417 651 1473 ui
664 1433 724 1473 non
735 1411 834 1472 modo

141 1491 288 1555 confiteor
308 1491 417 1553 summa
436 1497 466 1555 in
482 1495 586 1558 Latere
618 1515 639 1556 e·
655 1502 834 1556 ornamenta'

142 1571 222 1648 eise3
240 1571 291 1634 sed
310 1588 346 1633 tev
363 1576 450 1634 etiam
473 1575 679 1656 reprehendo,
697 1572 778 1655 quod
791 1593 832 1635 ea

142 1675 206 1714 non
226 1667 401 1727 enumeres,
419 1654 477 1712 alia
497 1655 628 1735 quaedam
647 1656 767 1728 inania,
793 1656 828 1716 δι

143 1735 225 1797 levia
254 1735 419 1814 conquiras.
446 1731 588 1797 Praeneste
612 1732 709 1794 fecisse
733 1734 831 1796 ludos.

144 1813 252 1894 Quid?
268 1815 314 1874 alii
344 1812 478 1874 uaestores
489 1834 588 1877 noune
601 1812 731 1874 fecerunt
741 1815 753 1873 ὲ.
764 1811 833 1895 Cy·

144 1898 222 1955 renis
241 1835 389 1954 iiberaiem
411 1896 441 1953 in
459 1894 653 1975 publicanos,
677 1891 780 1970 justum
798 1897 835 1956 inf

143 1975 241 2036 socios
257 1972 347 2034 fuine.
380 1972 455 2053 Quis
476 1974 586 2056 negat?
608 1972 667 2034 Sed
684 1976 723 2033 ita
741 1974 835 2036 multa

145 2056 254 2116 Romae
267 2073 425 2134 geruntur,
440 2070 472 2113 ut
488 2057 538 2115 vix
557 2075 614 2130 ea,
635 2075 699 2135 quae
716 2052 788 2115 fiunt
801 2057 836 2116 iu

148 2135 331 2216 provinciis,
351 2132 514 2196 audiantur..
807 2196 814 2200 ,,

191 2213 240 2287 64.
259 2211 328 2272 Non
341 2233 467 2288 vereor,
487 2234 526 2276 ne
544 2213 617 2275 mihi
633 2214 737 2298 aliquid
748 2261 763 2288 ,.
778 2214 838 2278 Ju-

146 2294 245 2367 dices,
255 2293 355 2355 videar
366 2294 526 2378 arrogaffe,
541 2298 564 2355 si
573 2295 610 2357 de
619 2296 755 2380 quressura
765 2305 838 2359 meet

147 2377 250 2435 dixero
269 2396 275 2433 :
296 2379 425 2456 quamvis
444 2380 521 2439 enim
545 2378 592 2437 illa
611 2379 766 2447 floruerit,
782 2396 837 2435 tao

147 2475 218 2516 men
240 2475 306 2515 eum
323 2476 372 2516 me
390 2456 490 2536 postea
505 2455 585 2516 fuisse
597 2459 627 2514 in
642 2457 774 2516 maximis
784 2476 839 2516 re·

147 2538 204 2595 bus
223 2537 364 2608 arbitror,
385 2552 417 2594 ut
438 2536 556 2595 nonita
572 2536 643 2593 mihi
661 2535 784 2595 multum
799 2538 841 2598 sit

150 2636 188 2676 ex
198 2614 344 2696 quaesturae
352 2614 438 2675 laude
449 2615 642 2696 repetendum
652 2636 660 2673 ι
672 2613 721 2675 sed
735 2633 840 2678 rameru

150 2717 217 2755 non
226 2716 354 2768 vereor,
372 2713 409 2755 ne
423 2697 486 2776 quio
502 2695 607 2755 audeat
624 2695 843 2770 dicere,uliiu,u

150 2778 181 2835 in
195 2774 288 2835 Sicilia
330 2774 499 2849 uaesturam,
519 2790 569 2836 aut
588 2777 763 2857 gratiorem,
784 2790 840 2839 aue'

152 2855 309 2917 clariorem
349 2853 413 2918 iffe..
425 2855 510 2920 Vere
523 2855 706 2998 meherculzea
718 2859 779 2950 icoc
790 2861 841 2924 dir,

695 2960 733 3022 Vi
