2117 3942
241 356 337 426 Pno
364 357 438 425 Cu.
464 355 698 425 Pzau'cro.
745 370 819 445 505

140 470 311 549 dissentiam.
334 469 382 543 Si,
399 470 510 531 medius
527 466 629 543 fidius,
650 470 754 530 decem
772 469 826 531 soli

140 551 231 612 essent
254 554 283 610 in
310 553 426 610 civitate
454 553 508 610 viri
532 548 602 607 boni
623 595 633 623 ,
657 550 826 631 sapientes,

137 629 228 723 justi,
252 651 376 712 graves,
393 631 442 712 qui
463 647 494 690 te
514 629 664 709 indignum
687 631 826 694 aedilitate

138 709 368 793 judicavissent,
399 713 511 791 gravius
538 708 576 768 de
606 727 635 770 te
666 705 825 786 judicatum

138 809 302 875 putarem,
323 790 411 870 quam
435 787 475 848 est
495 790 581 860 hoc,
605 790 684 869 quod
702 808 739 850 tu
758 813 829 854 me-

96 882 99 887 ’
137 876 214 946 tuis,
226 890 264 930 ne
279 891 295 928 a
310 869 422 950 populo
435 867 593 947 judicatum
605 868 661 928 esse
673 865 843 936 videaturc'

138 975 203 1014 non
225 953 302 1011 enim
325 952 447 1010 cominrs
467 947 574 1027 judicat
591 947 704 1027 semper
727 973 829 1033 popu-

111 1091 112 1096 ,
137 1034 201 1106 lus,
219 1031 270 1092 sed
286 1048 422 1090 movetur
435 1029 606 1111 plerumque
620 1030 727 1112 gratii,
747 1033 830 1095 cedit
856 1068 858 1071 ·

137 1113 294 1196 precibus;
315 1110 381 1170 facit
398 1130 473 1184 eos,
489 1133 505 1169 a
524 1108 627 1199 quibus
642 1109 683 1172 est
700 1113 832 1173 maxims:

138 1194 265 1254 ambitus
287 1212 294 1249 :
321 1191 474 1272 denique,
495 1192 518 1249 si
538 1191 671 1266 judicat,
691 1211 752 1251 non
773 1192 829 1253 de-

114 1332 117 1337 .
137 1273 216 1334 sessu
236 1273 354 1352 aliquo,
373 1289 421 1331 aut
440 1270 576 1352 sapientiai
594 1269 706 1333 ducitur
724 1271 761 1330 ad
779 1271 830 1352 jud

140 1352 321 1425 dicandum,
338 1349 388 1411 sed
405 1354 516 1432 impetu
536 1372 778 1433 nonnumquam,
795 1355 831 1414 δι

139 1432 267 1515 quadam
286 1434 372 1492 etiam
393 1433 566 1494 temeritate.
596 1429 667 1493 Non
688 1432 729 1493 est
748 1436 830 1495 enim

139 1513 294 1574 consilium
308 1516 337 1572 in
352 1513 464 1595 vulgo,
480 1535 542 1575 non
555 1513 627 1572 ratio
637 1559 646 1588 ,
657 1534 717 1574 non
734 1513 831 1574 discri-

139 1615 211 1655 men
218 1637 230 1665 ,
247 1615 307 1652 non
324 1592 487 1672 diligentia3
499 1594 670 1673 semperque
683 1593 828 1677 sapientes

140 1686 198 1747 ea,
216 1694 279 1754 quae
296 1675 421 1753 populus
439 1672 576 1746 fecisset,
597 1675 742 1746 ferenda,
764 1696 826 1741 non

139 1755 254 1833 semper
278 1751 419 1812 laudanda
439 1752 592 1817 duxerunt.
616 1752 716 1831 Quare
736 1775 827 1835 quum

140 1852 171 1894 te
192 1834 305 1894 aedilem
329 1832 393 1892 sieri
415 1832 571 1913 oportuisse
596 1832 694 1906 dicis,
720 1836 827 1914 populi

141 1916 279 1994 culpam,
297 1935 358 1972 non
379 1914 596 1992 competitoris,
614 1913 736 1973 accusas.

188 2014 233 2054 10.
255 1994 298 2053 Ut
315 1993 401 2052 fueris
419 1993 553 2074 dignior,
570 1991 656 2072 quam
675 1992 825 2068 Plancius;

142 2076 181 2135 de
205 2095 264 2154 quo
282 2072 344 2152 ipso
365 2076 404 2131 ita
420 2081 518 2132 tecum
539 2073 713 2134 contendam
736 2077 829 2155 paulo-

140 2152 224 2237 post,
235 2169 267 2211 ut
281 2151 451 2213 conservem
467 2152 636 2235 dignitatem
648 2171 742 2216 tuam:
755 2154 824 2232 sed,
869 2207 871 2210 Α

140 2253 175 2296 ut
194 2233 280 2314 fueris
298 2232 432 2372 disgnior,
447 2255 507 2293 non
521 2237 716 2314 competitor,
731 2258 750 2295 a
762 2259 824 2318 quo
880 2290 882 2294 ,

142 2337 175 2376 es
195 2313 304 2387 vissus,
333 2313 370 2373 ed
388 2315 532 2395 populus,
554 2337 646 2396 aquo
660 2334 826 2400 espraeter-·

141 2400 219 2469 itus,
246 2398 274 2454 in
295 2396 377 2477 culpa
395 2393 444 2454 est.
472 2394 506 2455 In
521 2417 580 2477 quo
601 2401 726 2477 primum
752 2397 825 2457 illud
853 2408 856 2412 ⁴

142 2476 233 2536 debes
274 2493 375 2550 utare,
394 2477 515 2534 comitiis
534 2519 544 2547 ,
563 2476 718 2554 praese'rtim
735 2477 830 2536 aedili·

141 2559 217 2629 tiis,
239 2498 361 2614 (sudium
381 2552 437 2613 esse
458 2555 576 2634 populi,
595 2575 655 2613 non
666 2554 828 2634 judicium

142 2635 288 2698 eblandita
310 2634 357 2693 illa
373 2677 383 2706 ,
399 2655 460 2692 non
483 2634 631 2694 enucleata
650 2634 707 2698 esse
727 2635 831 2698 suffra·

140 2721 210 2800 gia3
224 2735 298 2787 eos,
312 2716 362 2795 qui
379 2711 541 2796 suffragium
552 2713 666 2788 serant,
680 2716 749 2797 quid
765 2721 830 2786 cui-5
873 2758 877 2765 -
896 2729 899 2736 “

141 2816 200 2879 que
227 2797 281 2874 ipsi
304 2794 430 2854 debeant
452 2838 462 2870 ,
488 2795 669 2857 considerare
693 2797 824 2881 saepius,
922 2809 924 2813 ’

141 2876 230 3018 quaTm
245 2874 312 2955 quid
327 2876 428 3018 cluique
442 2876 616 2960 arepublica
629 2879 759 3024 vidpatur
769 2881 827 2946 dea.

209 2977 285 3019 (smus
302 2962 333 3022 V
349 2999 359 3020 ο
584 2975 588 2982 ¹
