2117 3942
283 357 386 427 Pur)
411 357 452 426 P.
477 361 684 430 Saxrro.
745 378 816 457 193

135 472 187 533 tilis
204 462 490 552 temporiserviam,
507 468 595 554 quim
612 475 706 536 dolori
722 496 793 536 meo
808 490 816 538 t

137 554 221 635 siqui
239 552 356 612 occulte
373 575 389 612 a
409 552 497 631 salute
515 552 609 613 nostra
629 554 818 633 dillentiunt,

135 633 238 693 lateant
254 652 262 691 τ
280 634 302 691 si
316 635 366 714 qui
378 632 509 695 fecerunt
522 634 628 714 aliquid
642 636 819 714 aliquando,

133 728 217 794 atque
236 711 327 772 iidem
350 734 426 772 nunc
444 729 566 786 tacent,
591 715 622 773 δι
641 715 787 796 quiescunt
806 761 818 792 ,

135 814 184 853 uos
203 812 326 873 quoque
347 794 436 852 simus
456 792 538 851 obliti
559 813 567 850 ε
588 797 611 851 si
629 798 676 875 qui
696 794 724 855 se
744 795 823 856 offe-

132 888 194 934 nrnt
208 871 418 933 insolenter&
434 871 621 946 insectantur,
638 875 734 956 quoad
750 875 820 936 ferri

133 970 293 1035 poterunt,
309 951 492 1032 perferemus
505 973 515 1025 3
529 972 623 1033 neque
643 972 826 1035 quemquam‘

130 1031 262 1095 offendet
279 1035 376 1092 oratio
393 1052 482 1105 mea,
502 1035 556 1090 nisi
569 1035 618 1112 qui
632 1031 660 1094 se
674 1037 713 1093 ita
730 1037 820 1095 obtu-

133 1114 192 1174 lerit
201 1157 214 1185 ,
232 1115 311 1173 utin
330 1132 400 1173 eum
413 1133 474 1171 non
490 1110 642 1186 invasille,
659 1113 709 1172 sed
725 1115 821 1173 incur-

133 1191 190 1256 cille
202 1192 372 1253 videamur.
387 1190 447 1252 Sed
462 1190 574 1252 necelle
587 1189 645 1267 est,
665 1209 821 1274 antequam

133 1274 166 1335 tle
187 1273 343 1333 tribunatu
366 1270 397 1331 P.
419 1270 508 1331 Sextii
534 1273 631 1331 dicere
654 1275 821 1353 incipiam,

132 1373 175 1415 rne
192 1369 296 1414 totum
311 1350 464 1431 superioris
483 1355 550 1412 anni
563 1353 726 1432 reipublicae
746 1374 821 1414 nau·

130 1433 168 1495 ln
190 1435 255 1495 ium
273 1443 312 1493 e'x
336 1452 451 1492 onere:
470 1433 499 1490 in
518 1453 577 1513 quo
596 1433 765 1514 colligendo
785 1454 821 1495 ac

177 1512 290 1575 cienda
307 1455 397 1572 lituae
418 1515 589 1584 communi,
613 1517 711 1573 omnia
732 1533 821 1596 repe·

133 1597 238 1736 {emm
251 1592 287 1654 P.
301 1591 391 1653 Sextii
404 1592 495 1667 diua,
509 1592 601 1667 falla,
618 1595 736 1654 consilia
752 1615 820 1656 ver·

85 1692 87 1729 ἶ
157 1692 197 1737 (ὃ.

167 1752 256 1814 Vll.
280 1752 386 1813 Fuerat
410 1753 458 1814 ille
482 1774 573 1813 annus
598 1755 627 1813 in
653 1754 819 1834 reipublicae

131 1855 242 1918 magno
259 1850 371 1907 motu,
390 1833 422 1892 &
438 1835 593 1895 multorum
606 1836 710 1893 timore
725 1879 734 1906 ‚
752 1853 820 1893 tan·

136 1936 217 1996 quam
239 1918 371 1975 intentus
392 1934 471 1972 arcus
491 1918 521 1973 in
546 1935 593 1973 me
615 1935 729 1985 unum,
749 1918 821 1973 sicut

137 1997 221 2079 tulgb
241 1997 338 2077 ignari
353 2014 449 2054 rerum
470 1994 662 2074 loquebantur
679 2039 689 2065 ‚
708 2013 738 2052 re
757 1998 821 2073 qui-

138 2075 199 2137 dem
215 2074 294 2136 veri
305 2076 336 2132 in
349 2073 509 2134 universam
524 2074 730 2154 rempublicam
743 2120 751 2147 ,
764 2095 822 2133 rra-

139 2156 271 2217 dufflone
291 2154 327 2213 ad
346 2155 465 2235 plebem
483 2153 625 2213 furibundi
641 2155 764 2213 hominis
784 2177 818 2216 ac

139 2237 262 2316 perditi,
283 2235 353 2294 mihi
376 2237 461 2304 irati,
478 2233 527 2294 sed
547 2236 639 2294 multb
658 2238 746 2294 acrius
768 2240 821 2296 otii

140 2318 167 2377 bt
181 2317 352 2378 communis
364 2313 457 2373 salutis
469 2316 585 2374 inimici.
607 2316 692 2374 Hunc
703 2319 747 2376 vir
760 2318 821 2375 cla·

140 2398 281 2468 tissimus,
301 2396 447 2534 mihipuffi
462 2395 557 2453 multis
575 2397 820 2476 repugnantibus,

141 2478 351 2546 amicissimus,
401 2496 427 2534 n.
445 2473 627 2555 Pompeius,
646 2477 727 2534 omni
751 2494 823 2532 cau·

142 2560 239 2629 tione,
259 2554 396 2627 foedere,
414 2553 608 2614 exsecratione
629 2554 822 2628 devinxerat,

142 2637 204 2697 nillil
216 2639 249 2695 in
267 2635 415 2694 tribunatu
427 2652 526 2694 contra
544 2654 592 2693 me
603 2631 658 2692 elle
670 2631 823 2696 faciurum.

142 2717 177 2777 At
193 2716 248 2777 ille
259 2713 407 2788 nefarius,
420 2734 456 2775 ex
468 2716 599 2774 omnium
609 2712 747 2772 scelerum
761 2714 822 2774 col-

86 2845 89 2858 .
143 2797 256 2857 luvione
280 2811 390 2867 natus,
412 2815 512 2875 parum
535 2794 562 2852 se
584 2792 678 2853 foedus
695 2793 821 2854 violatu·

86 2926 90 2938 .
144 2896 199 2937 nm
221 2873 267 2937 est
287 2874 467 2952 arbitratus,
490 2876 543 2937 nisi
561 2872 652 2956 ipsum
672 2892 823 2939 cautorem

86 2996 91 3003 -
178 2963 284 3023 Tamus
304 2961 334 3021 V
336 2953 362 3019 Ι.
688 2953 704 3020 l
