2117 3942
286 371 386 442 Pno
413 371 494 442 cn.
519 367 764 441 Puncta.
798 387 876 468 535

187 485 266 558 lius,
282 506 320 549 ne
334 486 514 549 disseminato
526 484 736 570 ,dispersoque
750 485 879 547 sermoni

183 568 319 631 fortunas
334 569 532 632 innocentium
552 564 741 640 subjiciendas
755 569 876 649 putetis.

230 667 277 729 57.
304 648 390 710 Multi
414 649 496 708 amici
516 645 687 708 accusatoris
707 693 718 722 ,
742 647 877 709 nonnulli

183 729 275 793 ,etiam
292 726 382 789 nostri
395 730 504 809 iniqui,
526 725 613 786 multi
624 750 794 791 communes
816 729 874 789 ob·

182 809 355 870 treslatores
383 825 470 889 atque
489 809 621 867 omnium
641 809 754 882 invidi,
782 809 875 869 multa

182 888 340 952 finxerunt.
366 887 447 949 Nihil
464 886 506 950 est
524 905 624 948 autem
646 906 706 949 tam
726 888 874 964 volucre,

183 972 273 1052 quam
288 969 491 1030 maleditlum:
505 968 576 1028 nihil
589 966 700 1029 facilins
713 971 874 1043 eminitur,

184 1053 256 1111 nihil
277 1053 359 1110 citios
376 1053 539 1130 excipitur,
556 1049 626 1108 nihil
645 1049 729 1110 latins
751 1048 876 1129 dissipa·

184 1148 243 1190 tur.
270 1129 377 1212 Neque
390 1151 471 1212 ego,
491 1132 515 1189 si
530 1128 646 1189 sontem
667 1128 811 1190 maledieti
824 1149 876 1190 te·-

184 1212 323 1292 perietis‚
344 1228 375 1270 ut
394 1227 443 1271 aut
456 1229 494 1270 ne
515 1208 628 1290 ligatis,
641 1229 689 1271 aut
712 1209 876 1270 distimule-

182 1295 241 1363 tis,
256 1310 393 1371 umquam
409 1231 581 1371 polluEbo:
606 1288 674 1365 sed,
689 1291 713 1350 si
730 1289 799 1370 quid
812 1290 875 1352 tine

185 1373 281 1452 capite
303 1372 454 1445 manabit,
472 1387 523 1430 aut
539 1372 563 1428 si
583 1369 652 1451 quid
672 1372 726 1431 erit
745 1367 876 1449 ejusmo-

184 1452 214 1511 di
229 1497 238 1525 ‚
257 1469 287 1509 ut
302 1473 362 1510 non
372 1450 463 1514 exstet
475 1450 597 1522 auslor,
630 1451 659 1509 ui
671 1449 793 1511 audierit
805 1471 815 1524 ;
826 1466 876 1510 aut

184 1534 225 1592 ita
240 1533 391 1670 negligent
404 1533 491 1593 vohis
507 1529 564 1595 elle
577 1472 743 1605 videbitur,
757 1549 808 1605 ut,
821 1552 877 1590 un·

185 1613 225 1673 de
241 1633 277 1670 au
299 1614 384 1684 ierit,
404 1613 510 1672 oblitus
528 1615 564 1672 sit
576 1633 585 1685 ;
597 1628 645 1671 aut
657 1615 697 1673 ita
713 1614 811 1673 levem
824 1613 877 1672 ha·

184 1693 268 1753 bebit
288 1691 434 1751 notiorem
445 1736 456 1764 ,
466 1709 499 1752 nt
516 1691 659 1752 memoria
676 1693 795 1774 dignum
812 1714 874 1755 non

185 1773 311 1854 putarit:
334 1770 419 1850 hujus
434 1771 482 1831 illa
500 1792 562 1831 vox
585 1771 732 1852 vulgaris,
753 1775 874 1845 audini,

185 1872 226 1913 ne
246 1851 315 1931 quid
330 1872 382 1912 reo
399 1853 549 1912 innocenti
567 1867 692 1924 noceat,
706 1873 832 1912 oramus.

227 1930 359 1990 XXIV.
372 1931 433 1992 sed
449 1933 539 1991 venio
555 1927 614 2009 jam
628 1932 666 1990 ad
680 1932 714 1992 L.
725 1932 871 2008 Cassium,

185 2011 358 2072 familiarem
378 2031 502 2083 meum,
522 2009 603 2089 cujus
625 2030 662 2073 ex
681 2015 813 2074 oratione
835 2034 874 2075 ne

186 2094 269 2152 illum
296 2092 415 2171 quidem
431 2092 598 2154 Iuventium
621 2109 718 2153 tecum
735 2092 873 2173 expostu-

185 2172 246 2231 lavi
258 2190 268 2241 ;
281 2191 368 2250 quem
385 2171 434 2232 ille
456 2173 538 2231 omni
557 2171 589 2231 &
612 2174 739 2247 virtute,
760 2174 792 2233 &
813 2175 871 2234 hu·

186 2253 329 2311 manitate
346 2270 466 2313 ornatus
483 2251 672 2327 adolescens,
693 2258 817 2335 primum
834 2256 873 2316 de

209 2331 275 2391 lebe
296 2333 409 2393 aedilem
434 2333 561 2394 curulem
581 2331 686 2394 sallum
712 2332 768 2395 elle
787 2336 874 2395 dixit·

185 2354 219 2471 ln
240 2433 321 2490 quo,
349 2412 451 2488 Cassi,
473 2416 496 2473 si
519 2417 560 2475 ita
584 2417 635 2474 tibi
657 2413 872 2493 respondeam,

184 2489 299 2553 nescisse
327 2494 357 2552 id
382 2492 525 2574 populum
552 2492 743 2566 Romanum,
774 2513 872 2573 neque

184 2569 265 2633 soille
274 2573 324 2652 qui
334 2573 364 2632 id
373 2573 458 2633 nobis
466 2588 613 2644 narraret,
629 2570 784 2652 prasertim
793 2592 873 2634 rnor-

185 2669 237 2712 tuo
250 2652 408 2734 Longin03
425 2672 506 2726 non,
521 2669 554 2712 ut
572 2653 701 2733 opinor,
718 2652 875 2730 admirere,

186 2754 276 2813 quum
295 2752 352 2815 ego
366 2732 429 2815 ipse
443 2753 504 2793 non
516 2732 675 2794 abhorrens
688 2755 705 2793 a
716 2731 807 2795 studio
821 2758 872 2796 an-

186 2815 343 2896 tiquitatis,
359 2835 406 2876 me
423 2814 471 2874 hic
485 2813 515 2872 id
534 2833 571 2874 ex
583 2830 613 2874 te
626 2817 750 2894 ptimlrm
766 2816 871 2879 audisse

186 2892 336 2959 confitear.
350 2894 554 2979 Et,quonia1n
569 2911 618 2956 tua
628 2894 680 2956 fuir
681 2897 875 3038 perelegans,

727 3000 758 3039 w
786 3001 791 3006 ·
