2117 3942
187 414 263 493 270
407 398 627 470 Onarro

185 513 271 595 plane
296 509 462 572 eversorem
482 513 646 592 reipublicae
666 512 760 587 fore,
783 511 876 595 idque

184 593 314 654 senatum
331 594 499 672 gravissime
516 594 662 666 laturum3
681 595 713 654 &
729 610 762 653 ut
781 592 876 654 statim

186 673 224 733 de
235 669 296 752 ejus
306 671 382 732 fatto
395 672 561 733 referretur.
575 674 646 753 Qud
657 676 802 755 gravitate
810 673 876 749 sud,

186 773 276 835 quum
294 751 429 833 frequens
452 751 565 813 senatus
588 755 796 815 nonnullorum
815 753 880 816 sce«

185 834 230 894 lus
254 833 460 914 audaciamque
483 833 646 908 tardass'et3
671 851 773 894 tamen
800 835 872 895 illud

185 913 318 986 addidit,
335 915 364 972 si·
373 914 476 975 diebus
491 916 637 996 quinque,
656 915 789 996 quibusa
811 917 820 974 i
837 915 877 977 de

187 1014 237 1055 me
261 992 419 1076 potuillet‚
436 1015 497 1054 non
517 993 587 1054 ellet
605 996 727 1070 atium,
749 935 875 1056 redirem

188 1077 219 1135 in
258 1078 375 1146 atrium,
393 1075 530 1156 dignitate
550 1078 631 1137 omni
652 1075 836 1154 recuperati.

227 1095 339 1215 dxlt.
357 1153 501 1216 Decrevit
513 1155 621 1216 eodem
638 1171 776 1236 tempore
791 1155 874 1216 sena·

186 1251 253 1308 tua,
269 1238 367 1309 utils,
383 1237 432 1316 qui
444 1255 480 1294 ex
492 1252 556 1295 tnta
572 1234 672 1309 ltalia,
686 1235 783 1297 salutis
799 1255 881 1297 mete

187 1315 273 1376 causi
287 1333 501 1389 convenerant,
523 1333 687 1397 agerentur·
697 1319 814 1398 gratiam
830 1332 882 1376 at··

188 1414 246 1474 que
266 1412 306 1455 ut¹
317 1395 405 1456 iidem
427 1395 465 1454 ad
482 1415 528 1455 res
547 1396 723 1468 redeuntes,
740 1411 776 1455 ut
790 1398 875 1456 veni·

185 1491 272 1547 rent,
292 1493 469 1557 rogarentur.
496 1475 568 1535 Haec
587 1494 650 1536 erat
664 1475 825 1536 studiorum
841 1477 872 1536 in

186 1577 253 1616 mea
269 1555 356 1619 salute
376 1559 547 1628 contenti03
565 1574 597 1616 ut
607 1557 717 1637 ii,·qui
738 1579 756 1615 a
773 1555 878 1617 senatu·

187 1635 227 1696 de
237 1657 287 1696 me
303 1636 498 1718 rogabantur,
514 1636 603 1696 iidem
620 1637 730 1697 senatui
748 1656 805 1716 pro
826 1657 876 1698 me

186 1715 387 1797 supplicarent.
416 1716 518 1797 Atque
533 1720 572 1776 ita
586 1719 617 1776 in
633 1718 676 1776 bis
694 1717 782 1777 rebus
801 1732 880 1777 unus·

187 1796 228 1856 est
251 1797 326 1857 solus
348 1800 509 1869 inventus,
531 1799 581 1877 qui
599 1797 636 1856 ab
655 1798 710 1857 hac
732 1814 794 1856 tam
817 1799 881 1857 im·-

187 1877 275 1957 pensa
300 1879 451 1937 voluntate
465 1877 610 1937 bonorum
632 1879 730 1958 palam
749 1878 874 1937 disside-

188 1974 253 2031 ret,
269 1976 299 2017 ut
315 1960 402 2019 etiam
416 1957 458 2038 Qa
472 1957 611 2017 Metellus
622 1957 741 2031 consul,
755 1957 881 2039 qui¹mi‹

188 2036 218 2098 lii
235 2039 284 2102 vel
304 2041 428 2098 maxime
448 2059 483 2098 ex
502 2041 613 2119 magnis
635 2038 879 2097 contentionib'tm

187 2119 352 2194 reipublicae
370 2117 462 2178 fuisset
481 2121 631 2189 inimicus,
645 2118 690 2177 de
704 2133 771 2177 mea
783 2117 879 2180 salute·

186 2196 327 2257 retulerit.
349 2198 410 2277 Qui
426 2200 562 2259 excitatus
579 2218 669 2277 quum
683 2195 795 2256 summi
807 2214 879 2256 auc·-

186 2276 304 2336 totitate
324 2275 356 2336 P.
376 2276 514 2349 Servilii,
533 2295 594 2336 tum
613 2276 775 2337 incredibili
800 2266 877 2358 qua:-

188 2353 256 2414 dam
278 2358 416 2436 gravitate
435 2356 569 2431 dicendi,
588 2378 676 2438 quum
698 2355 747 2416 ille
769 2376 876 2417 omnes·

187 2436 281 2517 prope
304 2436 340 2495 ab
357 2435 454 2496 inferis
477 2435 624 2499 evocallet
643 2436 816 2508 Metellos,
842 2437 877 2499 δι’

188 2517 227 2578 ad
246 2517 318 2578 illius
354 2517 467 2588 eneris,
484 2518 564 2598 quod
582 2518 635 2577 sibi
650 2537 717 2577 cum
735 2537 773 2577 eo
792 2536 878 2576 comc

168 2619 278 2677 'mune
304 2619 320 2660 e
344 2615 401 2671 et,
429 2597 598 2680 dignitatem
619 2641 629 2671 ‚
648 2599 807 2679 propinqui
834 2595 880 2656 sui'

189 2698 320 2742 mentem
337 2703 354 2742 a
367 2677 515 2740 Clodianis
528 2676 683 2737 latrociniis
701 2675 871 2738 reflexiffet:

190 2777 338 2843 quumque
357 2781 424 2824 eum
444 2760 481 2819 ad
499 2757 647 2818 domestici
665 2757 793 2838 exempli
811 2777 879 2818 me·

191 2844 334 2915 moriam,
353 2843 385 2902 &
397 2841 433 2900 ad
445 2839 591 2900 Numidici
606 2837 678 2900 illius
694 2837 812 2898 Metelli
828 2859 876 2898 ca·

192 2914 253 2981 ssim
273 2924 322 2987 vel
341 2920 519 3008 gloriosum,
536 2920 586 2984 vul
607 2939 735 3007 gravem·
748 2937 877 2983 conuer-
