2117 3942
187 356 268 456 ‘516
415 356 644 427 Onrrro

231 469 295 532 Xl.
317 469 397 530 Vitia
419 472 605 547 mehercule,
626 492 672 532 res
694 467 766 542 hae,
789 467 876 532 Cneii

190 553 316 622 Plancii,
330 550 367 610 de
381 553 482 631 quibus
495 553 570 627 dixi,
584 571 685 643 tegere
698 567 874 630 potuerunt3

190 650 276 696 netu
293 634 322 690 in
340 651 375 691 ea
393 634 475 706 vita,
492 633 528 694 de
548 654 603 714 qua
622 654 681 711 jam
700 631 874 702 dicam‚tot

191 715 225 774 &
244 728 325 772 tanta
345 709 511 789 adjumenta
525 713 592 772 huic
602 714 707 796 hpnori
724 710 806 771 fuisse
823 715 873 771 mi-

188 813 264 853 rere.
294 792 352 850 Hic
381 792 422 852 est
446 797 546 867 enini,
573 797 622 873 qui
644 790 873 854 adolescentulus

189 895 257 934 cunr
275 872 315 932 A.
329 871 482 953 Torquato
506 871 651 954 profeclus
676 876 706 932 in
724 871 874 945 Africam,

190 955 232 1014 sic
251 953 287 1012 ab
307 953 357 1012 illo
377 957 546 1034 gravissimo
568 955 599 1013 &
617 952 813 1025 sanclissirno,
831 969 873 1011 at·

232 1054 248 1093 e
261 1036 342 1093 ornni
357 1033 440 1093 laude
456 1034 613 1094 &honore
628 1034 798 1115 dignissimo
813 1035 871 1092 viro

190 1055 311 1174 dlledlus
328 1111 388 1183 est,
408 1129 439 1172 ut·
457 1115 488 1174 ὅ(
507 1115 694 1173 contubernii·
714 1116 870 1172 necessitu-

190 1194 253 1265 do,
273 1196 306 1253 &
331 1192 534 1254 adolescentuli
559 1192 764 1253 modestissimi
782 1193 870 1273 pudor

138 1321 141 1326 .
189 1272 351 1367 postulabat
378 1293 384 1331 :
406 1277 474 1354 qui,
496 1276 519 1332 si
540 1273 667 1345 adeffet,
693 1295 758 1333 non
783 1276 868 1334 minlu

189 1354 238 1414 rlle
257 1353 434 1425 declararet,
455 1353 542 1434 quarn
562 1355 606 1412 hic
625 1355 698 1413 illius
717 1354 806 1413 frater
822 1375 869 1432 pa-

189 1433 307 1506 truelis,
330 1433 363 1495 δι
379 1431 459 1492 socer
476 1432 515 1492 T.
527 1433 717 1514 Torquatus,
737 1435 779 1494 illi
796 1436 869 1494 omni

190 1517 294 1573 uirtute
314 1512 345 1571 &
364 1512 450 1572 laude
467 1534 536 1592 par:
552 1517 601 1594 qui
619 1512 660 1573 est
673 1514 795 1595 quidem
808 1534 868 1573 cunr

188 1593 238 1653 illo
248 1592 378 1651 maximis
388 1593 529 1665 vinculis,
546 1596 578 1653 ὅ(
590 1597 830 1675 propinquitatis,
840 1595 878 1653 δι’

186 1671 330 1733 affinitatis
343 1670 535 1752 conjunclus,
554 1673 603 1734 sed
621 1678 659 1733 ita
675 1678 777 1757 magni
790 1697 866 1735 arno·

186 1755 246 1825 ris,
263 1770 294 1813 ur
307 1753 362 1813 illae
376 1754 591 1813 necessitudinis
608 1753 698 1814 causa
717 1758 801 1816 leves
816 1753 867 1815 elle

187 1834 350 1896 videantur.
371 1833 435 1895 Fuit
451 1836 480 1893 in
490 1832 580 1894 Creta
597 1834 701 1914 postea·
716 1837 869 1896 contuber·

188 1915 260 1974 nalis
277 1913 440 1986 Saturnini,
451 1916 606 1994 propinqui
617 1915 677 1987 sui,
692 1918 780 1976 miles⁴
792 1915 868 1993 hujus

186 1994 230 2073 Q.
243 1993 359 2055 Metelli
382 2016 388 2052 :
409 1995 510 2074 quibus
532 2015 620 2073 quum
647 1994 736 2055 fuerit
763 1997 868 2076 proba-

179 2076 336 2145 tissimus,
363 2073 509 2154 hodieque
530 2077 586 2147 sit,
615 2077 754 2135 omnibus
773 2076 828 2136 elle
844 2074 868 2135 se

207 2154 341 2213 robatum
363 2155 451 2215 debet
471 2154 592 2234 sperare.
614 2153 648 2213 ln
669 2175 705 2215 ea
721 2159 867 2237 provincia

185 2175 296 2313 legatus
308 2232 360 2291 fuit
375 2232 412 2293 C.
423 2234 584 2307 Sacerdos,
604 2235 661 2315 qui
674 2238 801 2310 virtute,
819 2235 868 2317 qui

186 2310 345 2373 constantii
359 2313 422 2372 vir?
436 2315 469 2372 L.
479 2314 617 2386 Flaccus,
636 2319 684 2396 qui
697 2317 810 2375 homo?
824 2316 866 2398 qui

187 2393 281 2454 civis?
304 2391 418 2473 qualern
438 2393 514 2452 hunc
538 2410 661 2473 putent,
687 2397 867 2468 assiduitate,

87 2467 90 2473 ¹
186 2474 411 2553 testimonioque
431 2473 596 2534 declarant.

231 2554 278 2615 28.
291 2553 508 2616 lnMacedonia
522 2555 649 2616 tribunus
663 2556 790 2616 rnilitum
805 2557 867 2616 fuit:

186 2637 216 2696 in
237 2636 343 2699 eadem,
359 2637 507 2714 prouincia
527 2633 627 2714 postea
646 2635 781 2715 quaestor.
809 2638 867 2696 Pri·

187 2717 267 2773 mum
280 2715 458 2776 Macedonia
475 2717 513 2774 sic
531 2735 598 2777 curn
615 2714 662 2773 dili
686 2718 727 2788 it,
746 2736 778 2775 ut
796 2718 869 2776 indi»

188 2810 254 2858 caut
274 2795 305 2860 hi
321 2797 463 2874 principes
490 2797 641 2854 civitatum·
664 2737 799 2869 inarum
824 2799 869 2877 qui

189 2893 280 2957 quum.
295 2878 375 2941 missi
394 2880 451 2938 sint
466 2877 505 2939 ob
528 2877 611 2937 aliam
628 2876 740 2938 causam
750 2922 762 2952 ,
773 2895 870 2939 tamen
