2117 3942
319 335 375 380 rr
404 319 728 381 Connroaune.
813 338 869 400 577

186 420 292 474 iielmius
309 421 430 479 malebat,
448 439 543 489 quorum
559 423 583 472 ri
596 420 699 488 fortune
715 418 820 470 conditio
835 420 871 470 in·

180 495 245 564 fimo
260 493 300 556 est.
312 491 354 544 Ius
370 507 450 543 autern
466 495 491 545 ὅ(
508 496 543 545 vis
558 497 645 545 eodem
662 492 714 544 feri
728 493 801 543 ruodo
813 493 871 544 scri·

185 569 277 621 buntur
295 566 320 615 in
335 564 384 614 mis.
401 567 427 616 δι
444 567 501 616 ideo
519 568 660 632 frequenter
676 579 852 632 permutantur.

227 637 411 705 329‚13.Aut
424 638 576 699 obtestatione
590 640 613 688 ὁ
626 635 800 702 consecratione
813 638 872 706 legis

187 726 231 762 aur
249 728 331 779 pana.
353 710 433 760 Locus
454 712 590 762 mendosus.
615 712 722 761 Videtur
743 712 872 776 legendum

186 801 244 837 curn
258 784 408 850 Pantagatho
417 784 443 833 δι
453 784 562 842 Ursino,
576 798 602 832 ut
613 783 765 844 obtestatione
778 785 835 850 degis
848 784 872 833 ἃ

185 852 363 923 conjectatione
374 872 455 922 poena.
469 856 537 906 Nihil
553 858 644 907 variant
661 855 758 905 codices
773 857 854 905 nostri.

215 924 289 979 'ibid
307 944 350 978 22.
370 929 453 995 Neque
471 928 568 998 legem,
590 946 663 994 neque
683 944 776 994 param
798 927 872 977 latent

187 1000 242 1068 effe.
262 1001 323 1052 Haec
344 1002 437 1057 verba,
462 1014 582 1068 tamquam
604 1003 711 1067 ineptum
735 998 872 1068 gloffema,

186 1074 254 1131 reste
274 1074 340 1124 delet
359 1073 493 1123 Manutius.

226 1160 238 1210 3
244 1159 297 1210 30,
316 1161 357 1195 11.
375 1144 457 1194 fans
470 1143 561 1210 seciffe.
579 1145 615 1194 lta
633 1144 757 1196 Gratiani
772 1144 871 1197 codices

186 1218 214 1273 δι
230 1217 312 1269 nostri.
327 1217 411 1283 vulgo
423 1217 499 1282 fadus
513 1215 576 1282 iriffe
592 1229 634 1266 aut
650 1215 725 1282 iniffe.

225 1303 298 1355 337,
318 1304 358 1338 10.
376 1287 416 1338 M.
431 1289 535 1338 Annium
549 1289 661 1355 Appium.
680 1289 763 1351 Quum
778 1288 873 1356 Appius

184 1378 326 1433 prenomen
335 1361 391 1419 sit,
407 1360 532 1411 Manutius
547 1362 630 1410 censet
648 1361 814 1427 reponendum
824 1360 872 1411 effe

184 1433 298 1502 Papum,
314 1449 356 1484 aut
372 1433 436 1482 aliud
455 1433 539 1484 simile.

187 1560 190 1565 ,
225 1506 298 1576 338.)
319 1504 359 1555 16.
382 1504 457 1576 Quem
475 1523 542 1572 quum
558 1505 588 1556 L.
607 1505 723 1567 Antistius
741 1499 872 1570 accusaret.

183 1577 288 1632 Addunt
299 1578 357 1633 editi
370 1578 525 1644 Spoletinus,
539 1579 578 1627 sed
591 1580 688 1628 codices
700 1577 771 1628 nostri
782 1578 871 1627 habent

184 1650 354 1721 Spoletinum,
370 1667 453 1700 errore
471 1667 519 1699 nou
537 1651 633 1700 insolito
650 1652 739 1699 librarii
756 1652 871 1699 aberran-

183 1725 234 1782 tis,
252 1723 292 1789 qui
309 1722 417 1788 scriptam
434 1739 483 1772 non
499 1722 541 1771 suo
558 1724 615 1770 loco
627 1739 715 1772 vocem
728 1723 810 1771 delere
826 1739 872 1773 no·

182 1797 243 1858 luit.
264 1795 323 1846 Non
343 1794 413 1843 dixit.
432 1793 546 1846 omissam
560 1813 573 1844 a
586 1795 683 1844 librario
700 1795 872 1860 negationem,

182 1885 257 1937 ¹quam
276 1867 354 1917 sensus
368 1868 485 1932 requirit,
505 1883 558 1916 cum
574 1865 722 1933 Pantagatho
739 1867 765 1916 δι
781 1867 873 1918 Ursino

184 1939 349 2008 reposuimus.

224 2026 277 2077 339
284 2045 296 2081 ,
314 2011 356 2061 28.
375 2009 441 2059 Idem
456 2011 533 2060 heros.
553 2011 613 2060 Vox
629 2022 750 2076 corrupta.
769 2011 872 2062 Ursinus

183 2103 200 2138 e
217 2075 298 2134 vereri
312 2084 374 2134 libro
389 2085 523 2148 reponebat
539 2082 598 2132 idem
609 2101 709 2151 prator.

225 2165 300 2222 340,
317 2156 358 2207 16.
380 2155 537 2205 Mamertinos
556 2156 641 2207 Ovios.
663 2158 699 2207 lta
714 2156 873 2207 Buthananus

183 2228 326 2294 coniediuri
345 2227 485 2277 certissimi.
506 2228 628 2278 Oviorum
647 2230 774 2280 familiam
791 2230 873 2296 primis

184 2305 252 2353 clara
259 2313 312 2352 erat
319 2301 382 2366 apud
392 2300 526 2364 Campanos
536 2317 543 2350 ε
555 2302 693 2353 Mamertini
703 2317 782 2353 autem
791 2303 872 2352 oriun-

184 2376 211 2427 di
229 2391 244 2424 e
261 2373 399 2440 Campania.
416 2371 500 2440 Vulgi)
517 2373 675 2427 Mamertinos
694 2375 796 2430 obvios,
818 2388 873 2438 quae

183 2464 235 2500 vox
252 2447 332 2495 locum
349 2445 451 2496 hicnon
467 2447 550 2495 habet.

223 2517 287 2569 lbid.
307 2531 350 2580 31.
370 2517 458 2581 cujatis
473 2517 517 2566 siet
535 2532 544 2565 .·
564 2516 590 2565 id
608 2515 693 2565 liabent
714 2533 791 2565 omnes
807 2515 870 2579 lese.
911 2574 913 2582 Ι

183 2592 224 2645 lta
241 2591 340 2640 codices
355 2590 426 2639 nostri
438 2622 445 2642 .
457 2602 485 2638 ut
500 2589 600 2639 edidere
616 2589 740 2638 Manutius
757 2590 782 2639 δι
799 2588 871 2638 Lam·

183 2664 265 2715 binus.
282 2659 385 2729 Vulgo,
401 2662 504 2727 cujatis:
516 2661 561 2711 ersi
575 2661 601 2709 id
613 2660 698 2709 liabent
714 2661 757 2709 lsoc
772 2661 833 2710 lese.

224 2749 275 2799 345
289 2767 296 2792 ,
312 2750 357 2796 27.
376 2733 405 2784 In
417 2734 490 2784 ruinis
505 2733 588 2795 nostris
604 2729 726 2799 vestrisque
737 2730 869 2799 discordiis.

183 2809 222 2863 lta
239 2824 293 2857 cum
310 2806 426 2857 Lambino
445 2808 493 2855 duo
514 2823 528 2855 e
547 2805 630 2855 nostris
648 2806 697 2856 mis.
722 2807 825 2876 Vulgi),
844 2808 869 2858 io

183 2879 260 2932 ruinis
275 2879 357 2939 restris
373 2875 500 2948 nostrisque
516 2875 648 2946 discordiis.

222 2950 308 3004 Tomus
327 2949 375 3004 Vl.
714 2953 761 3004 Bb
