2117 3942
334 369 437 441 Pao
462 370 514 442 M
541 372 725 446 cotto.
790 388 870 470 399

185 484 234 547 tiis
255 483 414 567 juventutis
432 532 444 562 ‚
464 487 556 547 multa
581 488 618 549 de
645 489 796 563 moribus3
816 491 876 565 &3

185 569 236 712 pai
254 569 285 627 in
307 569 416 649 reliqua
433 569 494 627 vita
512 569 590 628 mitis
608 566 702 642 effen
719 571 751 631 &
767 572 797 630 in
817 571 872 632 hac

201 669 217 706 u

219 650 328 709 avitate
343 649 548 722 humanitatis,
585 649 620 709 uzi
636 672 729 732 prope
746 649 805 731 jam
823 653 877 712 de·

185 727 327 790 {otiantur
342 730 475 790 homines
487 775 496 803 ‚
508 749 548 789 ve
574 733 614 790 ari
631 729 808 811 periucunde
826 732 874 793 so·

184 809 284 884 leret,
302 809 357 870 fuit
375 812 405 869 in
425 810 479 869 hac
496 808 581 870 causa
638 811 874 894 imminentiam

226 907 335 966 trous,
363 889 492 963 censor,
519 893 596 972 magi
621 911 653 952 er
678 913 688 950 a
711 891 875 977 objurgavit

225 969 377 1034 ‚carium
389 1017 399 1046 ‚
413 974 486 1032 sicut
501 975 648 1033 neminem
666 994 805 1054 umquam
821 996 873 1056 par

185 1072 253 1114 tens
276 1073 285 1112 :
303 1053 394 1114 muita
413 1053 450 1113 de
474 1054 705 1127 incontinentia,
727 1055 875 1136 intempe-

186 1135 341 1215 tfantiaqne
359 1131 496 1210 disseruit.
516 1132 599 1212 Quid
621 1138 768 1216 quantis,
788 1135 876 1196 Judi·

184 1213 262 1275 ees?
278 1212 464 1297 ignoscebam
487 1215 574 1275 vobin
597 1216 707 1275 attente
727 1215 873 1277 audienti·

184 1294 264 1368 bus,
282 1313 440 1376 propterea
462 1294 543 1375 quod
565 1314 686 1378 egomet
712 1313 773 1357 tam
792 1295 872 1356 triste

183 1374 289 1448 iilud,
313 1376 345 1436 ὃ(
368 1393 429 1436 tam
456 1374 589 1456 asponam
617 1396 709 1458 genus
736 1377 875 1438 oranonis

184 1455 355 1517 horrebam.
858 1502 861 1506 .

184 1580 187 1585 ·
230 1535 280 1597 26.
304 1536 351 1596 Ac
374 1537 467 1615 prima
492 1557 558 1616 pars
581 1535 635 1596 fuit
655 1535 725 1611 iila,
742 1558 805 1618 quae
823 1555 877 1598 me·

184 1617 284 1676 ntiniis
307 1617 481 1688 movebat,
510 1613 591 1677 fuisse
619 1637 689 1677 meo
716 1616 874 1678 neceffario

189 1693 291 1758 Bestia
310 1695 440 1758 Coelium
453 1694 642 1768 familiarem,
658 1696 781 1758 coenasse
795 1697 875 1779 apud

185 1791 277 1849 eum,
297 1775 449 1839 ventitaffe
464 1776 586 1836 domum
598 1820 607 1849 ‚
621 1773 753 1838 studuisse
771 1795 879 1859 praetu·

183 1878 238 1918 τε.
250 1856 331 1930 Νοῃ
346 1877 394 1917 me
413 1857 474 1917 haec
488 1873 631 1930 movent,
644 1878 709 1938 quae
727 1857 796 1939 pers
811 1857 876 1919 icuk

188 1937 257 1998 falsa
275 1937 356 1998 sunt:
380 1941 489 1997 etenim
508 1957 561 1998 eos
580 1936 637 1996 uni
648 1935 771 1997 coenaffe
784 1879 878 2012 Xicit,

187 2021 239 2099 qui
264 2035 312 2079 aut
340 2017 468 2091 absunt,
492 2034 541 2077 aut
566 2019 669 2098 quibus
694 2016 813 2078 necesse
834 2017 878 2079 est

187 2099 267 2158 idem
288 2099 395 2158 dicere.
422 2098 528 2178 Neque
544 2099 617 2158 verb
633 2097 703 2158 illud
720 2119 769 2159 me
789 2120 879 2159 com-

186 2195 324 2251 movet,
349 2179 428 2258 quod
453 2179 507 2238 sibi
529 2181 559 2237 in
586 2178 724 2259 Lupercis
746 2179 879 2240 sodalem

187 2258 246 2320 effe
268 2256 395 2319 Coelium
418 2259 498 2320 dixit.
524 2259 598 2319 Fera
617 2260 749 2341 quedam
769 2259 878 2320 sodali-

189 2355 259 2413 tas,
283 2340 315 2399 &
334 2339 420 2418 plane
444 2338 617 2419 pastoritia,
640 2359 729 2421 atque
756 2340 874 2422 agrestia

209 2440 395 2480 ermanotum
412 2418 454 2478 Lu
478 2441 632 2494 ercorum3
648 2442 771 2502 quorum
785 2423 878 2480 coitio

186 2440 237 2561 ila
256 2497 391 2559 silvestris
408 2516 474 2558 ante
490 2498 531 2559 est
549 2499 694 2573 instituta,
712 2499 798 2579 quam
819 2499 875 2557 iiu-

189 2583 316 2642 tnanitas
329 2595 417 2660 atque
432 2581 530 2661 leges3
543 2582 570 2637 si
579 2579 697 2660 quidem
709 2599 770 2638 non
784 2579 882 2638 modo

189 2663 311 2722 nomina
342 2659 476 2721 deferunt
501 2662 577 2719 inter
601 2659 630 2718 se
653 2658 769 2718 sodales·
786 2702 805 2729 ,
823 2657 878 2720 sed

188 2745 280 2803 etiam
294 2755 528 2802 commemorant
547 2737 728 2798 sodalitatem
745 2739 774 2796 in
793 2759 881 2800 actu·

188 2821 304 2903 fando,
321 2839 425 2895 utne,
441 2822 467 2880 si
483 2821 545 2903 quis
561 2819 593 2878 id
607 2818 683 2881 forte
700 2817 822 2896 nesciat,
837 2822 877 2888 ti-

186 2922 272 2965 mete
291 2901 437 2967 videatur.
