2117 3942
243 287 325 431 374
381 333 449 400 Da
471 329 783 400 Pnorrncrrs

245 447 351 514 lubeat
363 489 372 519 ,
385 466 446 505 non
461 461 601 525 tangere:
617 445 701 505 simul
715 445 746 505 &
757 441 829 504 illud
844 439 933 518 facit,

245 545 299 598 nt,
317 525 397 606 quod
413 526 454 585 illi
470 548 487 585 a
503 524 615 604 populo
635 523 735 589 datum
750 526 808 598 sit,
824 524 856 584 id
870 545 933 586 non

214 641 216 646 .
244 605 338 669 violer
351 625 361 678 ;
376 605 457 686 quod
474 604 587 668 senatus
610 604 745 679 dederit,
765 605 800 665 id
815 607 934 667 senatu

245 703 386 768 properet
408 685 531 746 auferre.

289 783 339 844 37.
362 764 444 828 Alter
458 766 528 827 belli
544 761 650 824 Gallici
664 764 807 826 rationem
824 763 933 827 babet:

245 843 375 926 fungitur
397 844 496 905 officio
519 845 591 909 boui
618 842 756 905 senatoris
772 866 784 905 r
808 844 908 928 legem
921 889 935 918 ,

246 947 335 1007 quam
363 947 423 985 non
450 942 559 1005 putat,
581 934 647 984 eam
666 945 785 1005 quoque
808 923 936 1000 servat;

247 1004 370 1090 praefinit
394 1008 475 1068 enirn
493 1002 642 1068 successori
665 1005 771 1065 diem:
815 1008 843 1067 ui
863 1005 937 1068 mihi

248 1087 319 1147 nihil
338 1087 453 1147 videtur
470 1088 564 1147 minias
581 1107 597 1145 a
615 1085 756 1167 dignitate
793 1087 936 1167 'ciplina-

247 1187 308 1248 que
336 1163 480 1244 majorum
503 1165 667 1237 dissidere,
688 1166 777 1246 quaint
803 1182 864 1240 ut,
887 1168 937 1247 qui

251 1245 352 1313 oonsul
375 1246 514 1306 Kalendis
529 1245 600 1305 lau.
621 1246 729 1307 habere
752 1247 938 1326 provinciam

249 1327 362 1396 debet,
380 1328 403 1385 is
415 1342 447 1387 ut
463 1346 529 1386 eam
545 1325 736 1405 desponsam,
751 1346 815 1387 non
833 1326 939 1387 decre·

233 1445 236 1448 -
250 1421 311 1469 tem
322 1406 431 1467 habere
440 1405 583 1467 videatur.
600 1405 699 1466 Fuerit
711 1423 778 1466 toto
793 1409 823 1466 iu
835 1405 940 1467 consu·

249 1485 311 1547 latu
326 1487 388 1547 siue
406 1487 578 1564 provincia,
593 1488 639 1545 cui
655 1485 762 1560 fuerit,
780 1503 941 1568 antequam

251 1567 418 1646 designatus
432 1563 530 1639 elim,
547 1567 697 1645 provincia
714 1567 842 1629 decreta.
864 1565 942 1628 Sor-

249 1646 360 1719 rietur,
378 1666 415 1707 an
431 1667 492 1706 nort
503 1646 514 1705 ἓ
526 1667 594 1706 narn
608 1646 642 1706 δε
656 1667 718 1707 nou
731 1645 831 1708 sortiri.
840 1646 943 1708 absur-

250 1725 324 1787 dum
338 1724 399 1799 est,
414 1725 445 1787 δι
458 1725 539 1808 quod
552 1725 667 1787 sortitus
681 1730 735 1799 sis,
745 1747 808 1788 nou
819 1727 943 1790 babere.

252 1804 453 1871 Proficiscerur
470 1806 621 1886 paludatus
629 1806 644 1866 ἓ·
655 1807 735 1887 qubl
774 1808 813 1867 ub
831 1827 944 1888 petve-

253 1887 318 1951 nire
333 1904 401 1946 ante
417 1904 528 1949 certam
543 1887 621 1947 dietu
636 1908 697 1946 uon
713 1886 767 1948 lice
788 1889 818 1947 ἰ
836 1888 944 1949 lanua·

253 1970 320 2040 tio,
339 1967 515 2040 Februario,
532 1969 713 2046 provinciam
729 1989 790 2028 nou
809 1968 943 2029 habebit.

254 2046 396 2113 Kalendis
415 2049 441 2107 ei
456 2047 581 2128 denique
599 2046 730 2120 Martiis,
744 2046 877 2109 nascetur
895 2068 945 2109 re·

255 2127 345 2263 pente
374 2128 535 2206 provincia.
557 2126 708 2189 ·Attamen
731 2128 773 2187 his
795 2126 946 2190 sententiis

281 2203 321 2264 iso
331 2208 537 2342 *insprovincia
549 2207 742 2287 permanebit.
762 2206 842 2285 Quae
854 2229 944 2289 quum

257 2286 355 2364 gravia
368 2316 370 2321 ·
385 2302 457 2358 unt,
476 2304 539 2347 tum
555 2287 625 2347 nihil
642 2289 756 2368 gravius
767 2287 843 2361 illo,
863 2288 945 2370 quod

254 2364 370 2430 multari
383 2365 590 2443 imperatorem
605 2367 805 2428 deminutione
820 2372 946 2448 provin·

258 2446 309 2510 eie
326 2444 565 2508 contumeliosum
577 2445 618 2507 est
630 2466 640 2518 ;
655 2468 751 2528 neque
762 2447 856 2509 solum
868 2449 944 2509 sum·

258 2545 310 2591 mo
325 2527 355 2585 in
366 2526 430 2585 viro
442 2569 453 2598 ,
463 2522 512 2586 sed
528 2527 616 2588 etiam
632 2527 772 2589 mediocri
783 2528 813 2587 in
824 2529 942 2590 homine

260 2626 299 2670 ne
317 2604 428 2669 accidat
442 2650 452 2679 ,
468 2607 695 2686 providendum.

274 2719 276 2723 ν
297 2683 397 2748 XVI.
418 2683 484 2767 Ego
501 2709 557 2748 vot
575 2687 729 2769 intelligo,
749 2685 851 2749 Patres
874 2709 944 2750 con·

230 2818 233 2824 .
256 2760 372 2844 scripti,
384 2767 491 2829 multos
504 2765 662 2829 decrenille
673 2769 806 2828 honores
818 2771 943 2831 eximios

173 2900 182 2910 ,
258 2838 299 2906 C·
317 2842 443 2923 Catari,
461 2847 493 2912 δι
512 2848 606 2933 prope
621 2849 800 2932 singularem
814 2850 896 2933 qubd
905 2852 943 2911 ita
