2117 3942
235 312 314 399 '232
436 301 690 372 ¹'ormo

258 421 285 477 ui
301 435 402 478 omnes
420 416 448 478 se
468 417 504 477 de
520 437 569 477 me
583 415 818 497 promulgaturos
837 421 918 477 con-⁴

235 441 379 559 hrmaranr
397 519 405 556 ι
420 518 457 557 ex
475 499 517 556 his
533 500 665 578 princeps
683 496 842 556 emitur³ab
859 500 919 556 ini-¹

234 580 316 639 micis
331 580 422 648 meis,
439 581 480 651 is,
496 598 584 657 quem
599 579 731 636 homines
746 579 777 635 in
790 577 867 636 lucin
879 579 921 637 ir-

234 657 384 731 ridentes,
403 656 571 718 Gracchum
590 658 761 716 vocabant:
778 660 921 737 quoniam

235 736 374 797 id'eriam
397 737 488 797 farum
508 739 631 798 civitatis
654 736 731 809 fuit,
758 753 791 796 ut
812 738 863 797 illa
884 756 923 798 ex

236 818 401 899 vepreculis
421 817 546 879 extracla
562 816 697 877 nitedula·
709 817 923 897 rempublicam

238 898 394 958 conaretur
414 899 560 958 arrodere.
586 896 670 956 Alter
689 897 763 956 verb
785 918 848 957 non
869 899 924 958 ille

236 977 379 1038 Serranus
397 980 432 1038 ab
450 995 566 1050 aratro,
585 976 634 1036 sed
650 997 686 1035 ex
703 976 817 1036 deserto
834 975 927 1038 Gavii

241 1056 394 1139 Coepionis
411 1059 517 1119 horreo
535 1053 632 1118 cdlatis
650 1058 765 1137 granis,
785 1059 816 1116 in
831 1055 926 1132 Calu-

242 1139 320 1198 rinos
338 1138 443 1199 Atilios
460 1141 582 1211 insitus,
602 1137 693 1196 subitb
713 1138 880 1197 nominibus
896 1140 927 1197 in

243 1218 355 1278 rabulas
369 1219 463 1278 relatis
472 1265 481 1293 ,
490 1239 599 1278 nomen
611 1217 689 1276 suum
704 1216 742 1277 de
754 1218 854 1277 tabula
866 1216 930 1277 sus·¹

245 1299 319 1358 tulit.
343 1298 473 1358 Veniunt
486 1298 620 1358 kalendae
633 1297 648 1358 J
651 1299 757 1356 anuarii
771 1319 779 1356 ε
794 1319 851 1358 vos
866 1298 929 1358 haec

245 1379 347 1445 melihs
358 1377 427 1438 scire
439 1377 574 1459 potestis:
586 1377 722 1458 equidem
736 1378 835 1437 audita
849 1378 930 1438 dico:

245 1478 310 1538 quae
323 1475 385 1517 rum
401 1457 561 1540 frequentia
576 1456 710 1530 senatus,
729 1479 794 1538 quae
810 1458 933 1540 exspec-

244 1539 318 1596 tatio
336 1540 437 1618 populi
452 1583 462 1612 ,
480 1541 528 1619 qui
545 1537 697 1598 concursus
714 1538 878 1619 legatorum
895 1558 932 1599 ex

246 1615 329 1677 Italia
344 1619 463 1692 cuncta,
505 1641 547 1678 uae
565 1622 676 1689 uirtus,
695 1618 768 1678 aclio
779 1663 792 1688 ‚
806 1622 933 1701 gravitas

247 1695 280 1756 P.
296 1697 411 1760 Lentuli
427 1640 548 1759 conlhlis
564 1698 648 1759 fuerit
660 1745 669 1772 ‚
680 1719 750 1779 vquur
767 1702 857 1759 etiam
871 1701 935 1760 col·

248 1776 321 1860 legae
342 1777 403 1858 ejus
425 1781 590 1841 moderatio
614 1780 651 1838 de
673 1799 749 1839 me:
771 1782 821 1858 qui
843 1800 935 1860 quum

248 1859 409 1920 inimicitias
428 1862 482 1920 sibi
500 1880 615 1921 mecum
634 1879 669 1920 ex
688 1858 854 1938 reipublicae
875 1860 935 1918 dis·

250 1938 382 2001 sensione
400 1940 540 2022 susceptas
553 1939 609 2000 elle
626 1937 755 2014 dixillet,
775 1959 824 2000 eas
839 1939 869 2001 se
883 1962 937 2021 pa-

249 2020 340 2079 tribus
354 2022 518 2102 conscriptis
532 2022 621 2093 dixit,
641 2020 673 2080 ὃ(
686 2019 868 2098 temporibus
880 2020 937 2081 rei·

251 2100 376 2177 publicae
392 2101 601 2180 permillurum.

258 2206 262 2215 ·
294 2177 464 2240 XXXIV.
485 2181 563 2240 Tum
580 2181 714 2260 princeps
733 2200 767 2238 ro
788 2196 853 2238 arus
870 2179 938 2240 sen-¹

252 2260 372 2315 rentiam
391 2259 425 2317 L.
440 2259 530 2320 Corra
543 2261 613 2317 dixit
631 2260 683 2330 id,
703 2199 788 2340 quod
803 2260 938 2341 dignissi-

253 2355 334 2396 mum
354 2340 502 2418 republicrl
522 2339 601 2410 fuit,
623 2339 693 2398 nihil
716 2340 753 2399 de
774 2359 824 2400 me
843 2341 938 2399 adium

255 2415 311 2476 effe
328 2414 413 2495 jure,
430 2420 501 2478 nihil
518 2439 602 2479 more
620 2417 787 2496 majorum,
805 2421 938 2480 nihille-

254 2497 360 2578 gibus:
380 2521 440 2558 non
463 2499 543 2580 polle
564 2520 740 2581 quemquam
761 2500 798 2558 de
821 2502 939 2559 civitate

257 2579 321 2638 rolli
345 2581 408 2640 sine¹
426 2578 534 2658 judicio
556 2602 564 2639 ι
586 2581 622 2639 de
648 2601 680 2638 ca
703 2581 742 2638 ire
764 2599 827 2638 non
849 2580 941 2639 modb

257 2656 348 2732 ferri,
367 2660 416 2735 sed
435 2682 472 2721 ne
489 2659 608 2741 judicari
627 2601 743 2740 quidem
762 2656 868 2736 polle,
889 2661 942 2718 nisi

259 2741 382 2798 comitiis
397 2744 578 2801 centuriatis:
601 2744 659 2799 vim
669 2737 747 2798 fuiffe
760 2739 856 2811 illam,
865 2740 943 2797 llam

258 2837 339 2883 mam
353 2820 485 2901 quassam
499 2820 683 2904 reipublice,
697 2820 944 2901 perturbatorum·
