2117 3942
201 406 278 480 292
353 432 359 443 -
423 382 646 453 ormo

197 502 363 583 permittas,
378 501 459 579 quod
472 499 540 560 facit
550 497 665 560 Caesa'r?
681 492 807 570 deinde,
820 501 888 580 quie

197 574 233 640 sit
252 578 402 639 aussoritas
423 578 511 659 ejus,
535 578 630 662 quise
649 578 765 638 alterius
781 578 886 655 sado,

196 682 256 735 non
269 659 320 720 suo
333 659 495 720 defendat?
510 658 616 721 deinde
631 657 788 739 (erumpet
806 663 885 720 eninr

195 739 351 822 aliquando
366 760 402 799 ex
415 761 464 802 me
479 760 550 802 vera
564 761 648 813 vox,
664 739 696 798 &
713 739 809 799 dicam
824 741 885 802 sine

196 821 378 881 cundatione
399 821 479 901 quod
497 819 618 900 sentio)
640 822 663 878 si
684 816 745 898 jam
764 819 885 895 violen-¹

195 902 254 962 t'ior
269 903 364 989 aliqua
378 902 406 958 in
424 922 455 962 re
474 899 511 961 C.
530 899 626 961 Caesar
640 897 756 975 fuiffet,
779 903 803 960 si
815 920 884 962 eum

195 981 363 1065 magnitudo
380 983 599 1051 contentionis,
618 979 742 1041 studium
759 980 883 1061 gloria.

196 1063 330 1143 praestans
348 1064 484 1137 animus,
507 1061 652 1122 excellens
671 1059 807 1120 nobilitas
829 1063 884 1120 ali-

237 1146 257 1203 b
274 1139 448 1222 impulisset,
468 1142 549 1223 quod
562 1144 591 1201 in
611 1141 663 1200 illo
682 1143 749 1200 vito
772 1141 803 1202 &
819 1158 882 1202 rum

194 1163 348 1286 seiendum
367 1221 461 1295 esset,
483 1224 515 1283 &
533 1223 664 1281 maximis
681 1221 790 1294 rebus,
810 1243 882 1300 quas

194 1304 296 1384 postea
312 1305 398 1385 gessit
414 1348 424 1375 ,
448 1303 675 1363 oblitterandum
691 1300 745 1374 ;id
761 1303 882 1377 turibi,

194 1383 312 1443 furcifer
325 1428 335 1455 ,
350 1381 463 1455 sumes,
481 1383 513 1442 &
529 1383 641 1442 Vatinii
654 1382 773 1441 latronis
789 1403 824 1441 ac
841 1381 882 1443 sa·

194 1465 295 1545 crilegi
311 1483 370 1523 vox
389 1463 542 1538 audietur,
564 1464 621 1523 hoc
637 1461 830 1542 postulantis,
848 1480 881 1524 ut

192 1544 273 1603 idem
287 1543 340 1602 sibi
356 1543 555 1617 concedatur,
573 1544 654 1625 quod
667 1541 798 1603 Caesari?
877 1598 882 1604 .

200 1654 209 1663 ·
234 1622 319 1684 Vll.
337 1623 385 1684 Sic
404 1627 482 1684 enirn
499 1645 536 1685 ex
554 1641 584 1685 te
602 1645 711 1704 quaero.
730 1621 881 1684 Tribunus

192 1703 287 1785 plebis
304 1703 400 1778 fuisti3
419 1703 583 1787 sejungere
600 1727 616 1764 a
635 1702 751 1763 consule
766 1723 774 1763 t
788 1705 881 1765 colle·

193 1804 243 1866 gas
266 1783 385 1844 habuisti
404 1789 483 1847 viros
504 1785 595 1845 sortes
615 1804 726 1844 novem
748 1804 755 1842 ε
777 1803 814 1844 ex
836 1784 879 1844 his

192 1883 252 1926 tres
271 1883 351 1926 erant
367 1911 376 1939 ,
395 1886 468 1946 quos
489 1881 520 1925 tu
540 1865 670 1945 quotidie
688 1863 797 1923 sciebas
817 1861 880 1924 ser-

191 1967 262 2007 vate
282 1948 319 2006 de
335 1946 433 2020 coelo,
452 1967 524 2028 quos
542 1945 704 2019 irridebas,
724 1965 800 2024 quos
816 1947 878 2024 pri·

190 2029 276 2086 vatos
295 2025 350 2088 esse
373 2027 486 2087 dicebas
502 2048 511 2099 ;
526 2026 563 2086 de
584 2026 686 2107 quibus
707 2024 782 2083 duos
801 2045 878 2104 prae·

191 2108 318 2167 textato's
332 2107 462 2169 sedentes
476 2106 581 2178 vides,
601 2122 631 2164 te
645 2103 791 2164 aediliriam
804 2126 878 2184 prae·

189 2201 299 2257 tentant
317 2205 442 2267 togam,
462 2208 548 2265 quarn
567 2184 667 2244 frustra
683 2183 873 2258 confeceras,

93 2331 96 2335 ⁴
189 2265 348 2332 vendidisse
364 2287 371 2323 :
387 2268 503 2325 tertium
515 2266 567 2324 scis
581 2286 618 2324 ex
633 2267 683 2325 illo
700 2263 813 2324 obsesso
829 2283 872 2325 at·

188 2365 245 2426 que
259 2344 362 2404 afflisio
375 2346 518 2404 tribunatu
532 2390 541 2418 ,
559 2345 738 2404 consularem
751 2345 871 2405 auetori-

190 2442 279 2487 tatem
297 2425 445 2486 hominem
463 2424 518 2486 effe
537 2425 751 2485 adolescentem
770 2425 868 2486 conse·

188 2524 286 2567 cutum
297 2528 304 2565 z
317 2508 416 2586 reliqui
429 2504 476 2566 sex
488 2506 604 2567 suerunt
618 2527 627 2578 ;
641 2505 793 2584 exquibus
806 2527 868 2584 par·

186 2591 238 2646 tim
257 2588 341 2668 plane
362 2604 457 2646 tecum
477 2585 658 2659 sentiebant,
680 2588 787 2665 partim
809 2604 865 2645 me-

186 2668 265 2726 dium
286 2668 440 2748 quemdam
460 2667 570 2726 cursum
590 2667 727 2726 tenebant
743 2688 750 2723 :
766 2684 864 2742 omnes

186 2747 345 2808 habuerunt
361 2749 440 2831 leges
456 2748 651 2828 promulgatas
664 2768 673 2805 t
685 2749 714 2805 in
732 2747 775 2805 bis
790 2745 861 2806 mul-

185 2843 229 2885 tas
241 2848 320 2887 meus
333 2827 515 2901 necessarius,
530 2830 616 2886 etiarn
629 2828 666 2886 de
678 2848 744 2887 rnea
754 2825 863 2886 senten·¹

185 2908 244 2981 ria,
262 2905 299 2970 C.
317 2906 496 2982 Cosconius,
513 2907 603 2988 judex
620 2905 716 2969 noster
731 2929 739 2968 ;
755 2925 856 2990 quern,
915 2964 922 3004 ²
