2117 3942
325 392 427 468 Pro
454 401 606 472 Dono
633 421 743 475 suA.
817 428 868 504 53

186 524 210 584 ie
224 514 305 576 illinc
320 511 420 574 abiisse
435 513 596 580 constabat.
608 518 690 593 Cur,
707 540 797 614 quum
815 522 875 581 viri

183 598 247 658 boni
266 595 404 655 nonnulli
423 599 571 678 putarint,
591 602 655 660 tuti>
672 599 702 661 se
722 620 751 658 m
771 598 874 677 senatu

185 677 234 739 elle
256 698 321 738 non
337 672 444 758 polle,
463 697 521 760 ego
538 698 599 740 non
617 681 697 743 idem
713 678 873 741 senserim?

184 757 259 833 Cur,
275 776 443 840 quumego
454 778 505 818 me
518 758 715 821 existimassem
725 762 789 820 mtb
802 781 869 821 om·

183 842 248 899 nino
265 842 299 913 in
321 839 445 916 ciuitate
464 837 522 900 effe
545 861 605 901 non
626 839 729 922 polle,
746 841 787 900 illi
806 861 871 901 non
936 862 938 864 ’

184 918 273 981 irem?
289 941 327 979 an
341 919 406 991 aliis
420 918 511 994 licet,
525 919 559 980 &
571 920 647 982 teile
659 921 786 992 licet,in
798 941 870 981 meo

182 1018 256 1080 metu
278 1001 335 1060 sibi
355 999 429 1060 nihil
447 1001 552 1075 timere
568 1022 577 1075 ;
597 1002 668 1061 mihi
687 1001 736 1060 uni
755 999 870 1060 neceffoe

185 1084 234 1140 erit
259 1081 292 1140 δι
315 1100 440 1154 meam,
460 1081 494 1142 &
515 1081 640 1142 aliorum
659 1083 758 1143 vicem
777 1083 872 1160 perti,-

190 1160 338 1220 mescere?

223 1259 251 1320 9.
265 1241 336 1313 An,
351 1242 421 1322 quia
436 1260 496 1300 non
514 1239 709 1302 condemnavi
726 1238 867 1300 sententia

185 1322 246 1382 mei
264 1316 324 1383 duo
344 1320 496 1394 eonsules,
509 1313 570 1381 sum
587 1318 870 1402 reprehendendus?

184 1424 231 1479 eos
251 1404 338 1484 igitur
364 1421 421 1483 ego
448 1403 630 1483 potissimum
653 1401 791 1461 damnare
815 1401 870 1461 de'-

183 1485 246 1557 bui,
263 1501 394 1564 quorum
410 1483 475 1564 lege
493 1481 654 1564 perfeiium
673 1480 714 1543 est
727 1525 738 1552 ,
751 1501 789 1542 ne
808 1500 867 1562 ego

182 1565 391 1636 indemnatus,
411 1580 496 1643 atque
517 1563 628 1645 optimi
653 1560 692 1623 de
718 1561 868 1644 republica

183 1647 296 1704 meritus
309 1689 320 1718 ,
336 1643 540 1704 damnatorum
551 1664 669 1725 poenam
679 1641 869 1716 sustinerem?

184 1736 304 1806 quorum
317 1726 407 1788 etiam
418 1724 537 1796 deli&a‚
569 1743 669 1804 ropter
679 1744 782 1785 eorum
791 1742 873 1806 egre·

185 1808 256 1887 giam
268 1809 300 1866 in
316 1824 368 1865 me
381 1747 581 1869 conservamlo
595 1805 798 1878 voluntatem,
807 1825 871 1865 non

185 1881 272 1947 modb
289 1906 340 1946 me
352 1931 364 1957 ‚
376 1875 425 1946 sed
445 1905 550 1946 omnes
566 1885 663 1946 bonos
679 1878 756 1946 ferre
775 1907 870 1966 opor-

185 1984 280 2041 teret,
296 1987 402 2027 eorum
416 1970 561 2048 optimum
577 1967 728 2026 consilium
743 1986 800 2046 ego
817 1987 877 2045 po·

186 2051 347 2122 tissimum,
364 2066 416 2128 per
433 2068 485 2108 eos
505 2050 536 2106 in
552 2066 650 2106 meam
664 2043 809 2127 pristina'm
828 2046 875 2105 di·

188 2132 326 2210 gnitatem
352 2126 521 2202 restitutus,
543 2127 665 2188 consilio
691 2127 874 2250 re?udium

188 2211 277 2270 meo?
295 2209 341 2270 At
358 2230 446 2290 quam
458 2208 632 2271 sententiam
651 2207 726 2268 dixi.
745 2208 872 2269 Primum

192 2309 272 2364 eam,
284 2310 375 2371 quam
411 2291 491 2371 opuli
504 2291 599 2351 sermo
612 2293 641 2349 in
656 2291 758 2350 animis
770 2287 874 2350 nostris

193 2367 247 2446 iam
256 2372 323 2431 ante
340 2313 481 2432 deliiterar
493 2392 500 2429 :
513 2371 619 2432 deinde
636 2392 721 2444 eam,
734 2392 798 2452 quae
809 2386 875 2430 erat

195 2445 377 2529 superioribus
391 2452 492 2512 diebus
503 2455 606 2534 agitata
617 2454 646 2511 in
657 2451 757 2512 senatu
769 2472 776 2509 :
790 2451 875 2509 dein·

193 2529 231 2589 cle
252 2551 335 2606 eam,
359 2553 446 2612 quam
468 2532 580 2593 senatus
603 2531 764 2612 frequens,
789 2546 877 2602 tum,

188 2633 274 2692 quum
287 2612 358 2672 mihi
370 2611 411 2675 est
423 2610 543 2673 allensus
555 2658 565 2687 ‚
580 2611 693 2673 secutus
703 2609 745 2672 est
757 2632 765 2670 ι
781 2626 813 2668 ut
825 2629 878 2671 ne·

187 2713 241 2772 que
259 2687 347 2754 allata
367 2697 403 2754 sit
420 2716 438 2753 a
453 2714 501 2753 me
519 2714 565 2754 res
582 2695 752 2772 inopinata,
771 2710 803 2749 ac
822 2710 874 2752 re-

187 2794 253 2832 cens
266 2795 275 2846 ;
286 2795 363 2847 nec,
375 2777 398 2835 si
411 2774 493 2855 quod
508 2776 537 2832 in
551 2773 691 2833 sententia
701 2772 803 2832 vitium
816 2770 874 2844 est,

186 2857 277 2935 magis
290 2857 327 2914 sit
337 2853 399 2934 ejus
412 2900 422 2928 ,
434 2856 483 2934 qui
494 2854 616 2926 dixerit,
628 2851 714 2934 quim
725 2856 875 2926 omnium,

186 2939 231 3016 qui
245 2936 409 3017 probarint.
424 2935 469 2997 At
482 2934 559 2998 enim
571 2935 695 2996 liberum
707 2933 817 2994 senariis
830 2933 878 3011 ju·

688 3013 715 3075 c
735 3013 765 3093 nj
