2117 3942
255 369 334 471 546
479 345 706 437 orento

253 489 343 550 etiam
363 482 501 559 minora,
525 480 733 554 dissimulent,
755 498 801 543 tte
824 479 930 565 obigati

253 565 312 628 etse
321 564 475 626 videantur
485 586 496 637 ;
506 584 546 626 eo
556 583 605 623 me
619 559 767 622 beneficio
777 561 932 623 obstruam

253 645 312 708 effe
331 645 491 718 ementiar,
509 647 555 705 cui
570 663 607 705 ne
623 641 727 702 referri
742 643 868 724 quidem
884 664 933 725 gre

253 728 294 786 tia
311 723 393 807 poffe
404 723 565 785 rideatur?
586 723 637 782 An
656 723 764 782 hoeru
775 723 933 797 ,Interru-

254 809 313 879 sis‚
336 804 474 888 ignoras?
494 808 564 885 qui,
583 823 675 884 quum
689 804 765 862 mihi
780 803 855 865 effes
872 806 935 864 ami·

254 888 406 957 tissimus3
425 905 514 964 quum
537 885 587 945 vel
629 883 774 944 ericulum
802 888 872 944 vite
890 901 936 944 tue

255 987 371 1027 mecum
384 964 492 1027 sociare
502 907 659 1036 voluiffin
675 984 770 1043 quum
788 985 839 1025 me
853 969 881 1025 in
895 965 936 1024 illo

256 1046 327 1107 tristi
341 1048 373 1107 &
388 1045 495 1106 acerbo
510 1045 607 1118 ludu,
629 1062 722 1123 arque
737 1044 874 1118 discessu,
886 1064 935 1104 nou

255 1127 393 1207 lacrymis
407 1124 500 1186 solum
515 1129 591 1196 tuis,
604 1123 659 1202 sed
673 1125 794 1196 animo,
810 1145 935 1209 corpore,

255 1209 351 1286 copiis
368 1203 535 1286 prosecutus
552 1203 645 1276 effes3
661 1223 755 1282 quum
773 1225 860 1266 meos
872 1205 934 1265 libe·

255 1308 324 1360 ros,
343 1287 376 1346 &
400 1306 545 1358 uxorem,
564 1304 614 1344 me
633 1282 778 1359 absente,
801 1287 863 1345 tuis'
875 1287 933 1365 opi·

256 1367 330 1440 bus,
354 1365 520 1446 auxilioque
540 1361 714 1426 defendiffes
736 1387 744 1423 :
767 1368 812 1425 sic
834 1383 934 1427 mecum

255 1446 370 1527 semper
390 1444 492 1526 egisti,
519 1463 551 1505 te
569 1446 638 1505 mihi
665 1447 843 1520 remittere,
861 1462 934 1526 atque

255 1526 440 1598 concedere,
460 1543 492 1584 ut
519 1546 609 1586 omne
637 1521 766 1585 studium
791 1529 933 1587 meumin

256 1604 315 1668 Cn.
329 1604 437 1665 Plancii
456 1605 603 1666 honorem
620 1604 851 1679 consumerem,
868 1600 933 1688 qudi

257 1683 321 1766 ejus
336 1688 367 1745 in
381 1705 429 1746 me
448 1689 583 1748 meritum
596 1687 648 1746 tibi
663 1688 754 1746 etiarn
767 1689 825 1768 ipsi
835 1703 935 1770 gratum

258 1766 316 1828 effe
337 1766 464 1826 dicebas.
488 1788 489 1793 ¹

297 1865 349 1923 74.
366 1845 446 1905 Nihil
463 1859 560 1904 autem
573 1863 622 1903 me
638 1847 732 1919 novi,
745 1847 818 1906 nihss
829 1863 934 1927 tempo·

258 1930 298 1988 ris
314 1926 400 1988 causa
421 1926 539 1997 dicere,
560 1945 659 1985 nonne
682 1927 775 1986 etiam
802 1928 851 1986 ina
869 1924 936 1986 testu
976 1918 978 1959 ³

259 2006 301 2068 est
314 2009 429 2080 oratio,
452 2026 515 2087 quae
534 2003 606 2065 esta
624 2025 672 2067 me
691 2009 789 2087 prima
803 2008 897 2067 habita
912 2007 934 2064 in

257 2086 378 2148 senatu?
394 2090 424 2145 in
440 2108 497 2168 qua
510 2105 598 2165 quum
612 2091 764 2167 perpaucis
776 2089 934 2149 nominatim

258 2167 377 2246 egiffem
401 2169 534 2249 gratias,
557 2167 636 2246 qubd
655 2189 761 2228 omnes
785 2166 933 2229 enumerari

258 2248 339 2306 nullo
363 2248 457 2307 modo
478 2245 617 2325 postem,
639 2247 729 2307 scelus
755 2267 853 2310 autem
876 2245 935 2308 effer

281 2345 435 2404 uemquam
460 2327 628 2403 praeteriri3
656 2326 866 2410 statuissemque
888 2345 935 2386 eos

258 2347 351 2469 polim
365 2406 535 2478 nominare,
552 2409 602 2484 qui
618 2407 708 2466 caufae
719 2409 825 2468 nostrae
839 2408 935 2476 duces,

261 2489 294 2547 ὃ(
314 2489 394 2568 quasi
415 2485 543 2567 signiferi
560 2484 696 2560 fuiffent3
717 2489 750 2547 in
766 2491 809 2549 his
830 2489 935 2548 Plancio

260 2572 363 2650 gratias
385 2570 443 2648 egi.
468 2565 615 2626 Recitetur
633 2571 759 2642 oratio,
785 2588 850 2650 quae
873 2588 935 2648 pro·

259 2666 326 2727 pter
338 2651 379 2710 rei
390 2647 617 2729 magnitudinem
629 2647 704 2706 dicia
716 2649 758 2711 de
768 2648 876 2730 scripto
888 2645 934 2708 est:

259 2731 289 2785 in
306 2749 363 2808 qua
377 2749 436 2810 ego
452 2726 543 2789 homo
557 2726 660 2786 astutus
674 2731 702 2788 ei
715 2749 765 2790 me
781 2730 935 2794 dedebam.

190 2831 196 2835 ·
260 2807 306 2865 cui
329 2810 398 2868 nihil
417 2827 596 2890 magnopere
617 2808 784 2884 deberem,
807 2812 841 2872 δι
864 2807 936 2880 huius

251 2887 937 2972 ‘tantiofficiiservitutemadstringebamteiiimo
