<?xml version="1.0" encoding="UTF-8"?>
<!DOCTYPE html PUBLIC "-//W3C//DTD XHTML 1.0 Transitional//EN"
    "http://www.w3.org/TR/xhtml1/DTD/xhtml1-transitional.dtd">
<html xmlns="http://www.w3.org/1999/xhtml" xml:lang="en" lang="en">
 <head>
  <title>
</title>
<meta http-equiv="Content-Type" content="text/html;charset=utf-8" />
  <meta name='ocr-system' content='tesseract 3.04.00' />
  <meta name='ocr-capabilities' content='ocr_page ocr_carea ocr_par ocr_line ocrx_word'/>
</head>
<body>
  <div class='ocr_page' id='page_1' title='image "./mtulliiciceroni06lallgoog_0261.png"; bbox 0 0 2117 3942; ppageno 0'>
   <div class='ocr_carea' id='block_1_1' title="bbox 344 414 889 508">
    <p class='ocr_par' dir='ltr' id='par_1_1' title="bbox 344 414 889 508">
     <span class='ocr_line' id='line_1_1' title="bbox 344 414 889 508; baseline 0.011 -32"><span class='ocrx_word' id='word_1_1' title='bbox 344 427 402 479; x_wconf 74' lang='lat' dir='ltr'>tu</span> <span class='ocrx_word' id='word_1_2' title='bbox 430 415 717 481; x_wconf 65' lang='lat' dir='ltr'>Varzmuiu.</span> <span class='ocrx_word' id='word_1_3' title='bbox 793 414 889 508; x_wconf 82' lang='lat'>293&#39;</span> 
     </span>
    </p>
   </div>
   <div class='ocr_carea' id='block_1_2' title="bbox 181 524 870 1409">
    <p class='ocr_par' dir='ltr' id='par_1_2' title="bbox 181 524 870 1409">
     <span class='ocr_line' id='line_1_2' title="bbox 181 524 826 604; baseline -0.003 -16"><span class='ocrx_word' id='word_1_4' title='bbox 181 544 214 588; x_wconf 76' lang='lat' dir='ltr'>cu</span> <span class='ocrx_word' id='word_1_5' title='bbox 234 524 442 604; x_wconf 83' lang='lat' dir='ltr'>disrumperis,</span> <span class='ocrx_word' id='word_1_6' title='bbox 502 544 552 584; x_wconf 89' lang='lat' dir='ltr'>um</span> <span class='ocrx_word' id='word_1_7' title='bbox 571 524 715 588; x_wconf 84' lang='lat' dir='ltr'>aedilitium</span> <span class='ocrx_word' id='word_1_8' title='bbox 733 527 826 588; x_wconf 85' lang='lat' dir='ltr'>vides.</span> 
     </span>
     <span class='ocr_line' id='line_1_3' title="bbox 227 544 870 688; baseline 0.002 -23"><span class='ocrx_word' id='word_1_9' title='bbox 227 626 275 685; x_wconf 89' lang='lat'>¹7·</span> <span class='ocrx_word' id='word_1_10' title='bbox 288 605 373 665; x_wconf 83' lang='lat' dir='ltr'><strong>Volo</strong></span> <span class='ocrx_word' id='word_1_11' title='bbox 384 607 425 663; x_wconf 87' lang='lat' dir='ltr'>uti</span> <span class='ocrx_word' id='word_1_12' title='bbox 435 544 506 664; x_wconf 62' lang='lat' dir='ltr'>miii</span> <span class='ocrx_word' id='word_1_13' title='bbox 516 604 709 685; x_wconf 86' lang='lat' dir='ltr'>respondeas,</span> <span class='ocrx_word' id='word_1_14' title='bbox 723 629 792 667; x_wconf 88' lang='lat' dir='ltr'>num</span> <span class='ocrx_word' id='word_1_15' title='bbox 806 608 870 688; x_wconf 74' lang='lat' dir='ltr'>quis</span> 
     </span>
     <span class='ocr_line' id='line_1_4' title="bbox 184 684 868 767; baseline 0.001 -20"><span class='ocrx_word' id='word_1_16' title='bbox 184 708 220 747; x_wconf 81' lang='lat' dir='ltr'>ex</span> <span class='ocrx_word' id='word_1_17' title='bbox 242 703 311 746; x_wconf 80' lang='lat' dir='ltr'>toto</span> <span class='ocrx_word' id='word_1_18' title='bbox 334 684 460 767; x_wconf 87' lang='lat' dir='ltr'>collegio</span> <span class='ocrx_word' id='word_1_19' title='bbox 485 684 583 767; x_wconf 88' lang='lat' dir='ltr'>legem</span> <span class='ocrx_word' id='word_1_20' title='bbox 607 690 642 747; x_wconf 79' lang='lat' dir='ltr'>sit</span> <span class='ocrx_word' id='word_1_21' title='bbox 663 689 741 748; x_wconf 84' lang='lat' dir='ltr'>ausus</span> <span class='ocrx_word' id='word_1_22' title='bbox 761 688 868 762; x_wconf 83' lang='lat' dir='ltr'>ferre,</span> 
     </span>
     <span class='ocr_line' id='line_1_5' title="bbox 182 763 868 848; baseline 0.001 -22"><span class='ocrx_word' id='word_1_23' title='bbox 182 784 290 848; x_wconf 71' lang='lat' dir='ltr'>prater</span> <span class='ocrx_word' id='word_1_24' title='bbox 302 786 393 826; x_wconf 88' lang='lat' dir='ltr'>unum</span> <span class='ocrx_word' id='word_1_25' title='bbox 409 763 462 825; x_wconf 81' lang='lat' dir='ltr'>te?</span> <span class='ocrx_word' id='word_1_26' title='bbox 482 770 641 845; x_wconf 79' lang='lat' dir='ltr'>quae&#39;tanta</span> <span class='ocrx_word' id='word_1_27' title='bbox 656 770 686 828; x_wconf 88' lang='lat' dir='ltr'>in</span> <span class='ocrx_word' id='word_1_28' title='bbox 702 785 730 828; x_wconf 79' lang='lat' dir='ltr'>te</span> <span class='ocrx_word' id='word_1_29' title='bbox 744 768 799 827; x_wconf 84' lang='lat' dir='ltr'>fuit</span> <span class='ocrx_word' id='word_1_30' title='bbox 815 788 868 827; x_wconf 92' lang='lat' dir='ltr'>au-</span> 
     </span>
     <span class='ocr_line' id='line_1_6' title="bbox 183 846 867 928; baseline 0.003 -22"><span class='ocrx_word' id='word_1_31' title='bbox 183 848 289 919; x_wconf 88' lang='lat' dir='ltr'>dacia,</span> <span class='ocrx_word' id='word_1_32' title='bbox 310 866 374 928; x_wconf 73' lang='lat' dir='ltr'>qua</span> <span class='ocrx_word' id='word_1_33' title='bbox 391 859 473 904; x_wconf 84' lang='lat' dir='ltr'>tanta</span> <span class='ocrx_word' id='word_1_34' title='bbox 487 846 557 917; x_wconf 70' lang='lat' dir='ltr'>vis;</span> <span class='ocrx_word' id='word_1_35' title='bbox 577 862 632 922; x_wconf 90' lang='lat' dir='ltr'>ut,</span> <span class='ocrx_word' id='word_1_36' title='bbox 673 868 741 907; x_wconf 89' lang='lat' dir='ltr'>uum</span> <span class='ocrx_word' id='word_1_37' title='bbox 756 868 867 908; x_wconf 83' lang='lat' dir='ltr'>novem</span> 
     </span>
     <span class='ocr_line' id='line_1_7' title="bbox 182 869 866 1009; baseline 0 -21"><span class='ocrx_word' id='word_1_38' title='bbox 182 931 223 988; x_wconf 85' lang='lat' dir='ltr'>tui</span> <span class='ocrx_word' id='word_1_39' title='bbox 241 927 367 1009; x_wconf 76' lang='lat' dir='ltr'>collegae</span> <span class='ocrx_word' id='word_1_40' title='bbox 386 927 439 985; x_wconf 88' lang='lat' dir='ltr'>sihi</span> <span class='ocrx_word' id='word_1_41' title='bbox 457 925 620 986; x_wconf 85' lang='lat' dir='ltr'>timendum</span> <span class='ocrx_word' id='word_1_42' title='bbox 637 869 694 988; x_wconf 66' lang='lat' dir='ltr'>eise</span> <span class='ocrx_word' id='word_1_43' title='bbox 713 927 866 1003; x_wconf 82' lang='lat' dir='ltr'>duxerint,</span> 
     </span>
     <span class='ocr_line' id='line_1_8' title="bbox 184 1004 867 1082; baseline 0 -14"><span class='ocrx_word' id='word_1_44' title='bbox 184 1009 213 1068; x_wconf 87' lang='lat' dir='ltr'>id</span> <span class='ocrx_word' id='word_1_45' title='bbox 226 1028 302 1068; x_wconf 83' lang='lat' dir='ltr'>unus</span> <span class='ocrx_word' id='word_1_46' title='bbox 318 1024 372 1080; x_wconf 85' lang='lat' dir='ltr'>tu,</span> <span class='ocrx_word' id='word_1_47' title='bbox 387 1004 512 1066; x_wconf 83' lang='lat' dir='ltr'>emersus</span> <span class='ocrx_word' id='word_1_48' title='bbox 526 1025 544 1066; x_wconf 82' lang='lat' dir='ltr'>e</span> <span class='ocrx_word' id='word_1_49' title='bbox 557 1027 665 1082; x_wconf 86' lang='lat' dir='ltr'>coeno,</span> <span class='ocrx_word' id='word_1_50' title='bbox 680 1010 810 1068; x_wconf 86' lang='lat' dir='ltr'>omnium</span> <span class='ocrx_word' id='word_1_51' title='bbox 822 1007 867 1068; x_wconf 77' lang='lat' dir='ltr'>fa·</span> 
     </span>
     <span class='ocr_line' id='line_1_9' title="bbox 184 1083 869 1159; baseline -0.003 -11"><span class='ocrx_word' id='word_1_52' title='bbox 184 1088 236 1148; x_wconf 60' lang='lat' dir='ltr'>eila</span> <span class='ocrx_word' id='word_1_53' title='bbox 254 1087 391 1148; x_wconf 84' lang='lat' dir='ltr'>omnibus</span> <span class='ocrx_word' id='word_1_54' title='bbox 409 1087 496 1147; x_wconf 86' lang='lat' dir='ltr'>rebus</span> <span class='ocrx_word' id='word_1_55' title='bbox 514 1083 651 1159; x_wconf 87' lang='lat' dir='ltr'>infimus,</span> <span class='ocrx_word' id='word_1_56' title='bbox 674 1105 869 1148; x_wconf 85' lang='lat' dir='ltr'>contemnen-</span> 
     </span>
     <span class='ocr_line' id='line_1_10' title="bbox 185 1165 868 1247; baseline -0.001 -19"><span class='ocrx_word' id='word_1_57' title='bbox 185 1168 274 1242; x_wconf 84' lang='lat' dir='ltr'>dum,</span> <span class='ocrx_word' id='word_1_58' title='bbox 291 1165 529 1247; x_wconf 86' lang='lat' dir='ltr'>despiciendum,</span> <span class='ocrx_word' id='word_1_59' title='bbox 542 1166 720 1227; x_wconf 87' lang='lat' dir='ltr'>irridendum</span> <span class='ocrx_word' id='word_1_60' title='bbox 734 1166 868 1247; x_wconf 78' lang='lat' dir='ltr'>putares?</span> 
     </span>
     <span class='ocr_line' id='line_1_11' title="bbox 184 1245 870 1329; baseline -0.001 -21"><span class='ocrx_word' id='word_1_61' title='bbox 184 1269 254 1308; x_wconf 81' lang='lat' dir='ltr'>num</span> <span class='ocrx_word' id='word_1_62' title='bbox 268 1267 359 1329; x_wconf 82' lang='lat' dir='ltr'>quem</span> <span class='ocrx_word' id='word_1_63' title='bbox 375 1245 441 1326; x_wconf 87' lang='lat' dir='ltr'>post</span> <span class='ocrx_word' id='word_1_64' title='bbox 453 1247 555 1306; x_wconf 87' lang='lat' dir='ltr'>urbem</span> <span class='ocrx_word' id='word_1_65' title='bbox 571 1247 717 1308; x_wconf 88' lang='lat' dir='ltr'>conditam</span> <span class='ocrx_word' id='word_1_66' title='bbox 734 1247 802 1307; x_wconf 81' lang='lat' dir='ltr'>scias</span> <span class='ocrx_word' id='word_1_67' title='bbox 818 1249 870 1307; x_wconf 82' lang='lat' dir='ltr'>tri·</span> 
     </span>
     <span class='ocr_line' id='line_1_12' title="bbox 184 1325 868 1409; baseline -0.001 -21"><span class='ocrx_word' id='word_1_68' title='bbox 184 1330 295 1388; x_wconf 84' lang='lat' dir='ltr'>bunum</span> <span class='ocrx_word' id='word_1_69' title='bbox 318 1327 411 1409; x_wconf 86' lang='lat' dir='ltr'>plebis</span> <span class='ocrx_word' id='word_1_70' title='bbox 434 1325 521 1409; x_wconf 78' lang='lat' dir='ltr'>egiffe</span> <span class='ocrx_word' id='word_1_71' title='bbox 546 1347 613 1387; x_wconf 87' lang='lat' dir='ltr'>cum</span> <span class='ocrx_word' id='word_1_72' title='bbox 638 1329 752 1409; x_wconf 89' lang='lat' dir='ltr'><strong>plebe,</strong></span> <span class='ocrx_word' id='word_1_73' title='bbox 778 1346 868 1409; x_wconf 85' lang='lat' dir='ltr'>quum</span> 
     </span>
    </p>
   </div>
   <div class='ocr_carea' id='block_1_3' title="bbox 176 1404 725 1471">
    <p class='ocr_par' dir='ltr' id='par_1_3' title="bbox 176 1404 725 1471">
     <span class='ocr_line' id='line_1_13' title="bbox 176 1404 725 1471; baseline -0.004 0"><span class='ocrx_word' id='word_1_74' title='bbox 176 1407 328 1471; x_wconf 78' lang='lat' dir='ltr'>,constaret</span> <span class='ocrx_word' id='word_1_75' title='bbox 341 1407 484 1468; x_wconf 83' lang='lat' dir='ltr'>servatum</span> <span class='ocrx_word' id='word_1_76' title='bbox 496 1404 554 1469; x_wconf 84' lang='lat' dir='ltr'>effe</span> <span class='ocrx_word' id='word_1_77' title='bbox 571 1407 608 1469; x_wconf 87' lang='lat' dir='ltr'>de</span> <span class='ocrx_word' id='word_1_78' title='bbox 622 1410 698 1469; x_wconf 85' lang='lat' dir='ltr'>coelo</span> <span class='ocrx_word' id='word_1_79' title='bbox 714 1408 725 1468; x_wconf 70' lang='grc' dir='ltr'><strong><em>ἓ</em></strong></span> 
     </span>
    </p>
   </div>
   <div class='ocr_carea' id='block_1_4' title="bbox 185 1487 868 1731">
    <p class='ocr_par' dir='ltr' id='par_1_4' title="bbox 185 1487 868 1731">
     <span class='ocr_line' id='line_1_14' title="bbox 226 1487 868 1570; baseline 0.002 -23"><span class='ocrx_word' id='word_1_80' title='bbox 226 1488 274 1550; x_wconf 87' lang='grc' dir='ltr'>ι8.</span> <span class='ocrx_word' id='word_1_81' title='bbox 295 1487 388 1549; x_wconf 85' lang='lat' dir='ltr'>Simul</span> <span class='ocrx_word' id='word_1_82' title='bbox 406 1491 492 1548; x_wconf 84' lang='lat' dir='ltr'>etiam</span> <span class='ocrx_word' id='word_1_83' title='bbox 510 1488 581 1548; x_wconf 88' lang='lat' dir='ltr'>illud</span> <span class='ocrx_word' id='word_1_84' title='bbox 595 1489 667 1551; x_wconf 85' lang='lat' dir='ltr'><strong>volo</strong></span> <span class='ocrx_word' id='word_1_85' title='bbox 683 1492 725 1550; x_wconf 87' lang='lat' dir='ltr'>uti</span> <span class='ocrx_word' id='word_1_86' title='bbox 744 1487 868 1570; x_wconf 86' lang='lat' dir='ltr'><strong>respon·</strong></span> 
     </span>
     <span class='ocr_line' id='line_1_15' title="bbox 186 1568 868 1651; baseline 0.001 -22"><span class='ocrx_word' id='word_1_87' title='bbox 186 1569 270 1644; x_wconf 81' lang='lat' dir='ltr'>deas,</span> <span class='ocrx_word' id='word_1_88' title='bbox 284 1588 393 1651; x_wconf 84' lang='lat' dir='ltr'>quum,</span> <span class='ocrx_word' id='word_1_89' title='bbox 406 1585 436 1629; x_wconf 89' lang='lat' dir='ltr'>te</span> <span class='ocrx_word' id='word_1_90' title='bbox 448 1568 563 1628; x_wconf 85' lang='lat' dir='ltr'>tribuno</span> <span class='ocrx_word' id='word_1_91' title='bbox 574 1568 683 1650; x_wconf 86' lang='lat' dir='ltr'>plebis,</span> <span class='ocrx_word' id='word_1_92' title='bbox 696 1568 766 1630; x_wconf 77' lang='lat' dir='ltr'>esset</span> <span class='ocrx_word' id='word_1_93' title='bbox 779 1572 868 1630; x_wconf 78' lang='lat' dir='ltr'>etiam</span> 
     </span>
     <span class='ocr_line' id='line_1_16' title="bbox 185 1647 867 1731; baseline -0.003 -21"><span class='ocrx_word' id='word_1_94' title='bbox 185 1665 244 1711; x_wconf 82' lang='lat' dir='ltr'>tum</span> <span class='ocrx_word' id='word_1_95' title='bbox 257 1652 288 1710; x_wconf 84' lang='lat' dir='ltr'>in</span> <span class='ocrx_word' id='word_1_96' title='bbox 299 1647 448 1731; x_wconf 86' lang='lat' dir='ltr'>republica</span> <span class='ocrx_word' id='word_1_97' title='bbox 460 1649 507 1709; x_wconf 88' lang='lat' dir='ltr'>lex</span> <span class='ocrx_word' id='word_1_98' title='bbox 520 1649 616 1722; x_wconf 69' lang='lat' dir='ltr'>Elia,</span> <span class='ocrx_word' id='word_1_99' title='bbox 636 1651 668 1710; x_wconf 87' lang='lat'>&amp;</span> <span class='ocrx_word' id='word_1_100' title='bbox 681 1649 762 1710; x_wconf 84' lang='lat' dir='ltr'>Fufia</span> <span class='ocrx_word' id='word_1_101' title='bbox 777 1671 786 1722; x_wconf 83' lang='lat'>3</span> <span class='ocrx_word' id='word_1_102' title='bbox 802 1671 867 1730; x_wconf 78' lang='lat' dir='ltr'>quae</span> 
     </span>
    </p>
   </div>
   <div class='ocr_carea' id='block_1_5' title="bbox 137 1729 868 1871">
    <p class='ocr_par' dir='ltr' id='par_1_5' title="bbox 137 1729 868 1871">
     <span class='ocr_line' id='line_1_17' title="bbox 137 1729 868 1871; baseline 0.003 -82"><span class='ocrx_word' id='word_1_103' title='bbox 137 1741 140 1747; x_wconf 88' lang='grc'><strong>’</strong></span> <span class='ocrx_word' id='word_1_104' title='bbox 186 1731 264 1871; x_wconf 48' lang='lat' dir='ltr'>lei&amp;</span> <span class='ocrx_word' id='word_1_105' title='bbox 282 1729 481 1811; x_wconf 73' lang='lat' dir='ltr'>saepenumero</span> <span class='ocrx_word' id='word_1_106' title='bbox 499 1730 662 1790; x_wconf 76' lang='lat' dir='ltr'>tribunicios</span> <span class='ocrx_word' id='word_1_107' title='bbox 680 1729 792 1790; x_wconf 84' lang='lat' dir='ltr'>furores</span> <span class='ocrx_word' id='word_1_108' title='bbox 811 1730 868 1791; x_wconf 83' lang='lat' dir='ltr'>de·</span> 
     </span>
    </p>
   </div>
   <div class='ocr_carea' id='block_1_6' title="bbox 186 1807 923 2535">
    <p class='ocr_par' dir='ltr' id='par_1_6' title="bbox 186 1807 923 2535">
     <span class='ocr_line' id='line_1_18' title="bbox 186 1807 870 1888; baseline 0.001 -20"><span class='ocrx_word' id='word_1_109' title='bbox 186 1811 354 1880; x_wconf 84' lang='lat' dir='ltr'>biitarunt,</span> <span class='ocrx_word' id='word_1_110' title='bbox 375 1810 408 1870; x_wconf 88' lang='lat'><strong>&amp;</strong></span> <span class='ocrx_word' id='word_1_111' title='bbox 423 1807 634 1888; x_wconf 79' lang='lat' dir='ltr'>repreffcmnt3</span> <span class='ocrx_word' id='word_1_112' title='bbox 677 1831 726 1869; x_wconf 88' lang='lat' dir='ltr'>uas</span> <span class='ocrx_word' id='word_1_113' title='bbox 746 1827 870 1882; x_wconf 87' lang='lat' dir='ltr'>contra,</span> 
     </span>
     <span class='ocr_line' id='line_1_19' title="bbox 187 1831 871 1970; baseline -0.003 -19"><span class='ocrx_word' id='word_1_114' title='bbox 187 1908 288 1970; x_wconf 75' lang='lat' dir='ltr'>praeter</span> <span class='ocrx_word' id='word_1_115' title='bbox 307 1907 360 1960; x_wconf 85' lang='lat' dir='ltr'>te,</span> <span class='ocrx_word' id='word_1_116' title='bbox 378 1909 467 1950; x_wconf 85' lang='lat' dir='ltr'>nemo</span> <span class='ocrx_word' id='word_1_117' title='bbox 486 1909 623 1968; x_wconf 88' lang='lat' dir='ltr'>umquam</span> <span class='ocrx_word' id='word_1_118' title='bbox 641 1831 682 1950; x_wconf 58' lang='lat' dir='ltr'>ei</span> <span class='ocrx_word' id='word_1_119' title='bbox 701 1889 796 1950; x_wconf 83' lang='lat' dir='ltr'>facere</span> <span class='ocrx_word' id='word_1_120' title='bbox 814 1910 871 1949; x_wconf 91' lang='lat' dir='ltr'>co·</span> 
     </span>
     <span class='ocr_line' id='line_1_20' title="bbox 188 1967 871 2051; baseline -0.003 -22"><span class='ocrx_word' id='word_1_121' title='bbox 188 1989 290 2045; x_wconf 85' lang='lat' dir='ltr'>uatus;</span> <span class='ocrx_word' id='word_1_122' title='bbox 309 1992 373 2051; x_wconf 80' lang='lat' dir='ltr'>quae</span> <span class='ocrx_word' id='word_1_123' title='bbox 390 1969 507 2050; x_wconf 88' lang='lat' dir='ltr'>quidem</span> <span class='ocrx_word' id='word_1_124' title='bbox 526 1969 606 2050; x_wconf 83' lang='lat' dir='ltr'><strong>leges</strong></span> <span class='ocrx_word' id='word_1_125' title='bbox 624 1990 701 2029; x_wconf 88' lang='lat' dir='ltr'>anno</span> <span class='ocrx_word' id='word_1_126' title='bbox 718 1967 803 2050; x_wconf 67' lang='lat' dir='ltr'>pust,</span> <span class='ocrx_word' id='word_1_127' title='bbox 826 1967 871 2028; x_wconf 86' lang='lat' dir='ltr'>se-</span> 
     </span>
     <span class='ocr_line' id='line_1_21' title="bbox 189 2047 871 2129; baseline 0 -20"><span class='ocrx_word' id='word_1_128' title='bbox 189 2051 320 2112; x_wconf 85' lang='lat' dir='ltr'>dentibus</span> <span class='ocrx_word' id='word_1_129' title='bbox 342 2052 371 2108; x_wconf 90' lang='lat' dir='ltr'>in</span> <span class='ocrx_word' id='word_1_130' title='bbox 392 2049 507 2129; x_wconf 72' lang='lat' dir='ltr'>templo</span> <span class='ocrx_word' id='word_1_131' title='bbox 531 2048 644 2108; x_wconf 86' lang='lat' dir='ltr'>duobus</span> <span class='ocrx_word' id='word_1_132' title='bbox 664 2071 724 2109; x_wconf 85' lang='lat' dir='ltr'>non</span> <span class='ocrx_word' id='word_1_133' title='bbox 745 2047 871 2109; x_wconf 85' lang='lat' dir='ltr'>consuli·</span> 
     </span>
     <span class='ocr_line' id='line_1_22' title="bbox 188 2128 869 2211; baseline 0.001 -21"><span class='ocrx_word' id='word_1_134' title='bbox 188 2132 259 2206; x_wconf 84' lang='lat' dir='ltr'>bus,</span> <span class='ocrx_word' id='word_1_135' title='bbox 282 2131 335 2192; x_wconf 87' lang='lat' dir='ltr'>sed</span> <span class='ocrx_word' id='word_1_136' title='bbox 356 2129 554 2211; x_wconf 88' lang='lat' dir='ltr'>proditoribus</span> <span class='ocrx_word' id='word_1_137' title='bbox 579 2128 663 2208; x_wconf 86' lang='lat' dir='ltr'>hujus</span> <span class='ocrx_word' id='word_1_138' title='bbox 690 2132 810 2190; x_wconf 79' lang='lat' dir='ltr'>civitatis</span> <span class='ocrx_word' id='word_1_139' title='bbox 834 2150 869 2191; x_wconf 87' lang='lat' dir='ltr'>ac</span> 
     </span>
     <span class='ocr_line' id='line_1_23' title="bbox 188 2209 871 2290; baseline -0.003 -18"><span class='ocrx_word' id='word_1_140' title='bbox 188 2213 330 2290; x_wconf 72' lang='lat' dir='ltr'>pestibus,</span> <span class='ocrx_word' id='word_1_141' title='bbox 348 2210 482 2270; x_wconf 72' lang='lat' dir='ltr'>unacum</span> <span class='ocrx_word' id='word_1_142' title='bbox 495 2209 641 2290; x_wconf 81' lang='lat' dir='ltr'>auspiciis,</span> <span class='ocrx_word' id='word_1_143' title='bbox 656 2231 721 2270; x_wconf 84' lang='lat' dir='ltr'>cum</span> <span class='ocrx_word' id='word_1_144' title='bbox 732 2214 871 2272; x_wconf 85' lang='lat' dir='ltr'>interces-</span> 
     </span>
     <span class='ocr_line' id='line_1_24' title="bbox 189 2292 923 2371; baseline 0.007 -21"><span class='ocrx_word' id='word_1_145' title='bbox 189 2295 339 2364; x_wconf 81' lang='lat' dir='ltr'>sionibus,</span> <span class='ocrx_word' id='word_1_146' title='bbox 362 2311 427 2351; x_wconf 88' lang='lat' dir='ltr'>cum</span> <span class='ocrx_word' id='word_1_147' title='bbox 444 2293 524 2349; x_wconf 86' lang='lat' dir='ltr'>omni</span> <span class='ocrx_word' id='word_1_148' title='bbox 543 2296 604 2366; x_wconf 74' lang='lat' dir='ltr'>jure</span> <span class='ocrx_word' id='word_1_149' title='bbox 623 2292 737 2371; x_wconf 84' lang='lat' dir='ltr'>publico</span> <span class='ocrx_word' id='word_1_150' title='bbox 754 2292 869 2370; x_wconf 80' lang='lat' dir='ltr'>confla·</span> <span class='ocrx_word' id='word_1_151' title='bbox 917 2346 923 2355; x_wconf 82' lang='lat'><em>.</em></span> 
     </span>
     <span class='ocr_line' id='line_1_25' title="bbox 190 2370 870 2452; baseline -0.004 -21"><span class='ocrx_word' id='word_1_152' title='bbox 190 2389 342 2452; x_wconf 86' lang='lat' dir='ltr'>graverunt</span> <span class='ocrx_word' id='word_1_153' title='bbox 358 2393 364 2429; x_wconf 92' lang='lat'>:</span> <span class='ocrx_word' id='word_1_154' title='bbox 380 2370 532 2450; x_wconf 84' lang='lat' dir='ltr'>ecquando</span> <span class='ocrx_word' id='word_1_155' title='bbox 551 2371 686 2431; x_wconf 86' lang='lat' dir='ltr'>dubitaris</span> <span class='ocrx_word' id='word_1_156' title='bbox 703 2390 803 2431; x_wconf 87' lang='lat' dir='ltr'>contra</span> <span class='ocrx_word' id='word_1_157' title='bbox 820 2390 870 2429; x_wconf 77' lang='lat' dir='ltr'>eas</span> 
     </span>
     <span class='ocr_line' id='line_1_26' title="bbox 189 2451 873 2535; baseline -0.006 -25"><span class='ocrx_word' id='word_1_158' title='bbox 189 2452 262 2535; x_wconf 84' lang='lat' dir='ltr'>leges</span> <span class='ocrx_word' id='word_1_159' title='bbox 275 2473 344 2516; x_wconf 89' lang='lat' dir='ltr'>cum</span> <span class='ocrx_word' id='word_1_160' title='bbox 360 2451 447 2531; x_wconf 88' lang='lat' dir='ltr'>plebe</span> <span class='ocrx_word' id='word_1_161' title='bbox 463 2470 567 2531; x_wconf 81' lang='lat' dir='ltr'>agere,</span> <span class='ocrx_word' id='word_1_162' title='bbox 586 2454 618 2509; x_wconf 72' lang='grc' dir='ltr'>ὅ(</span> <span class='ocrx_word' id='word_1_163' title='bbox 633 2453 788 2510; x_wconf 85' lang='lat' dir='ltr'>concilium</span> <span class='ocrx_word' id='word_1_164' title='bbox 802 2468 873 2508; x_wconf 88' lang='lat' dir='ltr'>con·</span> 
     </span>
    </p>
   </div>
   <div class='ocr_carea' id='block_1_7' title="bbox 159 2530 873 2611">
    <p class='ocr_par' dir='ltr' id='par_1_7' title="bbox 159 2530 873 2611">
     <span class='ocr_line' id='line_1_27' title="bbox 159 2530 873 2611; baseline -0.006 -22"><span class='ocrx_word' id='word_1_165' title='bbox 159 2582 161 2589; x_wconf 92' lang='lat'><em>.</em></span> <span class='ocrx_word' id='word_1_166' title='bbox 183 2532 312 2597; x_wconf 70' lang='lat' dir='ltr'>uocare?</span> <span class='ocrx_word' id='word_1_167' title='bbox 325 2551 492 2611; x_wconf 86' lang='lat' dir='ltr'>num.quem</span> <span class='ocrx_word' id='word_1_168' title='bbox 505 2549 541 2588; x_wconf 87' lang='lat' dir='ltr'>ex</span> <span class='ocrx_word' id='word_1_169' title='bbox 553 2531 671 2588; x_wconf 82' lang='lat' dir='ltr'>tribunis</span> <span class='ocrx_word' id='word_1_170' title='bbox 681 2531 794 2609; x_wconf 84' lang='lat' dir='ltr'>plebis,</span> <span class='ocrx_word' id='word_1_171' title='bbox 808 2530 873 2609; x_wconf 79' lang='lat' dir='ltr'>qui-</span> 
     </span>
    </p>
   </div>
   <div class='ocr_carea' id='block_1_8' title="bbox 134 2608 871 2847">
    <p class='ocr_par' dir='ltr' id='par_1_8' title="bbox 134 2608 871 2847">
     <span class='ocr_line' id='line_1_28' title="bbox 134 2608 871 2694; baseline 0.004 -26"><span class='ocrx_word' id='word_1_172' title='bbox 134 2648 136 2691; x_wconf 77' lang='lat'><strong><em>1</em></strong></span> <span class='ocrx_word' id='word_1_173' title='bbox 191 2631 311 2694; x_wconf 86' lang='lat' dir='ltr'>cumque</span> <span class='ocrx_word' id='word_1_174' title='bbox 335 2610 462 2671; x_wconf 87' lang='lat' dir='ltr'>seditiosi</span> <span class='ocrx_word' id='word_1_175' title='bbox 484 2609 619 2680; x_wconf 85' lang='lat' dir='ltr'>fuerint,</span> <span class='ocrx_word' id='word_1_176' title='bbox 644 2624 705 2667; x_wconf 80' lang='lat' dir='ltr'>tam</span> <span class='ocrx_word' id='word_1_177' title='bbox 730 2608 871 2671; x_wconf 85' lang='lat' dir='ltr'>audacem</span> 
     </span>
     <span class='ocr_line' id='line_1_29' title="bbox 134 2687 870 2770; baseline -0.001 -20"><span class='ocrx_word' id='word_1_178' title='bbox 134 2706 136 2711; x_wconf 85' lang='lat'>&#39;</span> <span class='ocrx_word' id='word_1_179' title='bbox 192 2693 310 2752; x_wconf 84' lang='lat' dir='ltr'>audieris</span> <span class='ocrx_word' id='word_1_180' title='bbox 328 2689 430 2764; x_wconf 81' lang='lat' dir='ltr'>fuisse,</span> <span class='ocrx_word' id='word_1_181' title='bbox 449 2707 481 2749; x_wconf 90' lang='lat' dir='ltr'>ut</span> <span class='ocrx_word' id='word_1_182' title='bbox 501 2708 637 2766; x_wconf 88' lang='lat' dir='ltr'>umquam</span> <span class='ocrx_word' id='word_1_183' title='bbox 657 2703 757 2747; x_wconf 84' lang='lat' dir='ltr'>contra</span> <span class='ocrx_word' id='word_1_184' title='bbox 774 2687 870 2770; x_wconf 86' lang='lat' dir='ltr'>legem</span> 
     </span>
     <span class='ocr_line' id='line_1_30' title="bbox 134 2767 866 2847; baseline -0.005 -15"><span class='ocrx_word' id='word_1_185' title='bbox 134 2802 137 2841; x_wconf 89' lang='lat'>;</span> <span class='ocrx_word' id='word_1_186' title='bbox 193 2772 292 2832; x_wconf 75' lang='lat' dir='ltr'>AEliam</span> <span class='ocrx_word' id='word_1_187' title='bbox 308 2787 358 2830; x_wconf 85' lang='lat' dir='ltr'>aut</span> <span class='ocrx_word' id='word_1_188' title='bbox 371 2769 481 2832; x_wconf 87' lang='lat' dir='ltr'>Fufiam</span> <span class='ocrx_word' id='word_1_189' title='bbox 497 2767 652 2828; x_wconf 87' lang='lat' dir='ltr'>concilium</span> <span class='ocrx_word' id='word_1_190' title='bbox 666 2767 866 2847; x_wconf 61' lang='lat' dir='ltr'>advocaieti-1·</span> 
     </span>
    </p>
   </div>
   <div class='ocr_carea' id='block_1_9' title="bbox 226 2849 869 2932">
    <p class='ocr_par' dir='ltr' id='par_1_9' title="bbox 226 2849 869 2932">
     <span class='ocr_line' id='line_1_31' title="bbox 226 2849 869 2932; baseline 0.002 -23"><span class='ocrx_word' id='word_1_191' title='bbox 226 2850 312 2912; x_wconf 87' lang='lat' dir='ltr'><strong>VIII.</strong></span> <span class='ocrx_word' id='word_1_192' title='bbox 335 2851 447 2932; x_wconf 81' lang='lat' dir='ltr'>Quaero</span> <span class='ocrx_word' id='word_1_193' title='bbox 466 2849 536 2911; x_wconf 93' lang='lat' dir='ltr'>illud</span> <span class='ocrx_word' id='word_1_194' title='bbox 551 2850 638 2910; x_wconf 87' lang='lat' dir='ltr'>etiam</span> <span class='ocrx_word' id='word_1_195' title='bbox 656 2864 760 2922; x_wconf 82' lang='lat' dir='ltr'>exte,</span> <span class='ocrx_word' id='word_1_196' title='bbox 778 2870 869 2910; x_wconf 85' lang='lat' dir='ltr'>cona·</span> 
     </span>
    </p>
   </div>
   <div class='ocr_carea' id='block_1_10' title="bbox 194 2928 870 3089">
    <p class='ocr_par' dir='ltr' id='par_1_10' title="bbox 194 2928 870 3089">
     <span class='ocr_line' id='line_1_32' title="bbox 194 2928 870 3071; baseline 0.001 -83"><span class='ocrx_word' id='word_1_197' title='bbox 194 2930 266 2994; x_wconf 80' lang='lat' dir='ltr'>usne</span> <span class='ocrx_word' id='word_1_198' title='bbox 287 2933 349 3009; x_wconf 79' lang='lat' dir='ltr'>sis,</span> <span class='ocrx_word' id='word_1_199' title='bbox 372 2930 563 3007; x_wconf 81' lang='lat' dir='ltr'>voluerisne,</span> <span class='ocrx_word' id='word_1_200' title='bbox 589 2928 725 3071; x_wconf 55' lang='lat' dir='ltr'>deniqucleq</span> <span class='ocrx_word' id='word_1_201' title='bbox 737 2933 870 3026; x_wconf 48' lang='lat' dir='ltr'>&amp;35³¹ssss</span> 
     </span>
     <span class='ocr_line' id='line_1_33' title="bbox 740 3032 769 3089; baseline -0.069 -20"><span class='ocrx_word' id='word_1_202' title='bbox 740 3032 769 3089; x_wconf 74' lang='lat' dir='ltr'>ll]</span> 
     </span>
    </p>
   </div>
   <div class='ocr_carea' id='block_1_11' title="bbox 0 0 1081 3942">
    <p class='ocr_par' dir='ltr' id='par_1_11' title="bbox 0 0 1081 3942">
     <span class='ocr_line' id='line_1_34' title="bbox 0 0 1081 3942; baseline 0 0"><span class='ocrx_word' id='word_1_203' title='bbox 0 0 1081 3942; x_wconf 95' lang='lat' dir='ltr'> </span> 
     </span>
    </p>
   </div>
  </div>
 </body>
</html>
