2117 3942
919 383 1081 458 440
1333 361 1796 431 ORATIO

921 483 1025 541 tris
1049 479 1267 557 ‘curiam
1297 521 1323 550 ,,
1354 479 1414 538 in
1450 475 1646 538 senatu
1683 476 1966 559 populum

922 562 1081 620 rim:
1133 576 1195 617 ut
1229 558 1654 619 multitudinem
1705 578 1837 618 cum
1883 555 1971 634 pri

926 637 1252 719 equestrem
1278 638 1543 698 ordinem
1573 658 1707 698 cum
1740 637 1936 703 senatu
1971 668 1973 678 =

923 716 1053 780 rim.
1114 719 1199 778 Ex
1244 718 1363 779 osui
1398 719 1658 780 breviter
1691 716 1973 778 consulatt

1005 799 1132 859 IV.
1240 799 1351 860 ude
1385 820 1536 859 nunc
1558 842 1578 871 ‚
1610 798 1649 858 ὃ
1680 798 1823 859 furia
1843 842 1861 871 ,
1888 795 1960 856 de

937 899 1002 951 re
1038 901 1056 952 ;
1095 872 1255 958 cujus
1305 879 1409 939 fuit
1445 880 1668 938 initium
1708 878 1828 940 ludi
1869 873 1973 937 Co·

930 975 1057 1043 tum
1109 962 1356 1040 primhm
1397 958 1527 1019 faffi
1616 957 1702 1019 0st
1754 959 1826 1018 L.
1872 956 1973 1016 Me

930 1038 1021 1119 Q.
1065 1041 1348 1099 Marcium
1391 1039 1539 1099 cons
1590 1058 1690 1113 es,
1741 1054 1946 1099 contra

929 1137 1053 1193 tem
1112 1118 1278 1200 hujus
1335 1120 1551 1179 ordinis
1595 1140 1610 1178 ε
1674 1141 1821 1200 quos
1880 1116 1968 1196 Q.

935 1198 967 1278 (
1000 1199 1153 1259 facio
1196 1198 1460 1278 injuriam
1493 1199 1810 1260 fortissimo
1846 1201 1973 1257 viro

936 1282 1038 1359 'qui
1071 1281 1271 1354 illum,
1306 1277 1466 1359 cujus
1497 1301 1711 1360 paucos
1740 1298 1907 1360 pares
1942 1279 1973 1336 h

934 1360 1109 1433 tulit,
1150 1382 1280 1420 cum
1326 1361 1432 1420 hac
1480 1363 1810 1440 importuna
1854 1359 1970 1420 bell

930 1439 1116 1520 ram)
1159 1439 1260 1500 sed
1301 1439 1397 1499 ille
1448 1439 1773 1521 designatus
1824 1437 1973 1498 confi

935 1520 1168 1601 quidam
1204 1520 1461 1579 tribunus
1499 1521 1681 1601 plebis
1715 1520 1816 1582 suo
1851 1522 1973 1578 auxi

933 1617 1057 1673 tros
1092 1598 1261 1660 ludos
1299 1618 1502 1659 contra
1533 1599 1973 1661 senatusconsult

934 1676 1180 1759 jussiss'et
1205 1725 1224 1754 ,
1263 1684 1518 1759 privatus
1553 1683 1677 1741 fieri
1713 1682 1896 1742 vetuit
1916 1701 1936 1752 3

934 1761 1096 1841 quod
1133 1761 1392 1821 nondum
1428 1759 1711 1840 potestate
1744 1775 1973 1842 poterat

932 1840 1292 1918 unoritate.
1345 1839 1443 1901 Tu
1472 1885 1491 1915 ‚
1544 1862 1721 1922 quum
1754 1847 1813 1902 in
1856 1840 1971 1899 Kal

930 1924 1156 1981 nuarias
1207 1920 1736 2001 Compitalitiorum
1784 1922 1907 1981 dies
1956 1922 1973 1978 i

932 2000 1069 2064 Sex.
1107 2000 1428 2075 Clodium,
1506 2004 1562 2060 ui
1599 2021 1913 2084 numquam
1948 2022 1973 2058 a

931 2097 1182 2141 textatus
1216 2081 1401 2142 fuisset
1425 2127 1443 2155 ,
1465 2024 1649 2143 ίῗικὶος»
1686 2081 1919 2153 facere,
1960 2085 1973 2137 ἱ

931 2177 1117 2233 τειωιτι
1149 2164 1394 2223 volitare
1427 2161 1612 2242 passus
1640 2183 1700 2222 es
1725 2209 1745 2237 ‚
1775 2163 1973 2222 homin

905 2261 1058 2299 ·rum
1085 2285 1104 2312 ‚
1151 2258 1324 2322 atque
1367 2264 1486 2301 non
1528 2242 1711 2302 modb
1752 2243 1941 2315 facie,

932 2320 1110 2382 oculo
1148 2338 1249 2378 tuo
1291 2322 1705 2401 dignissimum.

1011 2419 1070 2480 9.
1114 2399 1268 2483 Ergo
1305 2401 1390 2460 his
1428 2399 1816 2462 fundamentis
1850 2402 1973 2481 posi

929 2479 1077 2543 latfis
1108 2483 1234 2552 tui,
1268 2481 1458 2541 triduo
1484 2481 1608 2562 pbst
1634 2527 1653 2555 ‚
1692 2480 1973 2561 inspeaan

929 2579 1103 2623 cente
1157 2580 1216 2621 te
1251 2605 1272 2635 ‚
1313 2584 1348 2621 a
1382 2561 1447 2622 P.
1496 2561 1713 2625 Clodio
1750 2609 1771 2636 ,
1816 2560 1973 2623 fatali

929 2642 1317 2724 prodigioque
1354 2645 1722 2724 reipublicae,
1754 2645 1849 2703 lex
1888 2642 1973 2702 AE]

930 2718 1009 2783 fia
1032 2722 1230 2782 eversa
1256 2720 1337 2783 est
1357 2768 1375 2796 ‚
1400 2723 1830 2807 propugnacula
1864 2743 1973 2782 mu1

931 2800 1220 2879 quillitatis
1260 2820 1433 2885 atque
1470 2809 1603 2865 otii:
1635 2805 1880 2884 collegia
1903 2848 1922 2876 ‚
1954 2825 1973 2863 1

927 2879 1051 2959 lfqm
1092 2926 1112 2955 ‚
1137 2932 1144 2937 .
1169 2901 1295 2963 quae
1346 2884 1569 2949 senatus
1622 2885 1911 2951 sustulerat
1947 2928 1970 2958 ,
