2117 3942
365 932 569 1025 IN
683 930 1733 1033 VATINIUM.

400 1119 751 1184 ORATIO
779 1119 1247 1182 TmGEslMA
1277 1120 1706 1187 SECUNDA.

365 1321 411 1383 1:
453 1255 535 1382 S
558 1342 585 1381 1
615 1337 718 1381 tna
743 1320 1190 1394 tantummodo,
1222 1319 1423 1381 Vatini
1446 1366 1464 1394 ,
1495 1322 1633 1403 qnid
1654 1324 1747 1384 in-

365 1403 631 1486 dignitas·
662 1401 979 1483 postularet
1012 1446 1031 1475 ‚
1074 1400 1327 1482 speetare
1380 1401 1682 1463 voluiss'em
1718 1448 1741 1479 ,

366 1483 639 1544 fecissem
676 1483 737 1542 id
770 1528 790 1557 ,
829 1483 990 1563 quod
1019 1483 1116 1542 his·
1131 1483 1529 1544 vehementer·
1545 1485 1756 1565 place-‘r

364 1565 463 1625 but.
503 1610 523 1639 ‚
564 1580 768 1635 nete,
812 1562 974 1642 cujus
1011 1562 1400 1624 testimoninm
1435 1611 1453 1638 ‚
1496 1582 1752 1646 propter·

363 1662 425 1706 tu
496 1644 784 1704 itudinem
818 1647 955 1704 vitae
977 1688 995 1715 ‚
1018 1643 1326 1724 sordesque
1360 1643 1744 1720 domesticas,

369 1666 577 1786 mffiius
616 1727 905 1783 momenti
941 1741 1236 1805 putaretur
1258 1770 1276 1797 ‚
1302 1728 1502 1784 tacitus
1545 1725 1760 1785 dimit-

366 1822 554 1868 terem
583 1825 599 1862 :
633 1824 812 1864 nemo
848 1807 1004 1865 enim
1032 1805 1240 1864 horum
1274 1820 1368 1862 aut
1397 1808 1474 1863 ita
1496 1823 1556 1864 te
1584 1805 1756 1865 refu-

370 1887 654 1955 tandum,
692 1903 755 1944 ut
796 1905 1036 1966 gravem
1074 1884 1459 1943 adversarium
1480 1929 1499 1955 ‚
1530 1902 1625 1943 aut
1660 1887 1754 1945 ita‘

369 1966 736 2050 rogandum,
781 1981 843 2025 ut
877 1966 981 2026 reli
1024 1963 1207 2024 iosum
1249 1963 1457 2025 testem
1503 1966 1758 2025 arbitra-

369 2048 554 2107 barura
606 2045 724 2106 Sed
759 2045 840 2115 fui
875 2067 989 2127 pau
1011 2047 1049 2103 ὸ
1078 2048 1135 2104 in
1172 2061 1235 2103 te
1263 2047 1755 2124 intemperantior·

371 2124 603 2188 fortaffe
623 2171 642 2199 ‚
683 2125 857 2207 quem
889 2127 1064 2185 debui
1097 2145 1113 2183 ε
1155 2126 1296 2184 odio
1333 2128 1490 2184 enim
1523 2128 1645 2197 tui,
1681 2127 1752 2188 in·

373 2228 484 2288 quo
505 2253 525 2283 ‚
557 2209 668 2270 etsi
704 2225 911 2268 omnes
949 2222 1191 2288 propter
1223 2224 1384 2264 tuum
1413 2207 1469 2263 in
1503 2228 1597 2267 me
1622 2206 1744 2268 sce·

373 2288 492 2361 lus,
535 2286 806 2367 superare
844 2287 1079 2359 debeo,
1120 2303 1313 2346 tamen
1360 2288 1432 2346 ab
1469 2289 1741 2347 omnibus

376 2388 522 2450 pene
557 2369 804 2440 vincor,
841 2369 918 2425 sic
941 2365 1060 2426 sum
1096 2368 1356 2427 incitatus
1379 2413 1398 2439 ‚
1433 2386 1495 2426 ut
1516 2413 1535 2439 ‚
1561 2389 1747 2447 quum

376 2466 430 2510 te
466 2469 594 2509 non
630 2449 820 2506 miniis
857 2464 1293 2507 contemnerem
1317 2492 1336 2519 ,
1365 2448 1562 2526 quixm.
1585 2447 1748 2504 odis-

381 2549 495 2589 sem
521 2574 542 2604 ,
580 2545 780 2587 tamen
820 2544 1092 2586 vexatum
1119 2530 1310 2605 potitis
1346 2569 1366 2598 ,
1404 2526 1580 2605 quhm
1613 2523 1751 2581 des-

378 2609 604 2690 pefitum
633 2652 653 2681 ‚
688 2607 909 2668 vellem
945 2608 1260 2665 dimittere.

450 2711 510 2751 2.
552 2689 798 2767 Quare,
840 2707 913 2746 ne
945 2685 1051 2745 tib÷
1078 2687 1228 2744 hunc
1262 2682 1555 2741 honorem
1589 2703 1622 2740 a
1647 2701 1754 2746 me

378 2769 568 2831 haberi
612 2767 767 2827 forte
808 2770 1016 2825 mirere
1056 2809 1074 2836 ,
1124 2762 1284 2845 quod
1333 2764 1686 2845 interrogem
1726 2810 1750 2840 ,

377 2871 547 2930 quem
586 2868 769 2909 nemo
805 2843 1105 2926 congress'u
1129 2890 1148 2916 ‚
1190 2863 1367 2902 nemo
1402 2842 1598 2916 aditu,
1636 2866 1747 2906 ne-

379 2950 469 2993 mo
511 2928 785 3013 suffragio
811 2972 831 3001 ,
875 2946 1054 2987 nemo
1085 2927 1316 2988 civitate
1345 2968 1365 2998 ,
1408 2943 1584 2985 nemo
1618 2925 1755 2987 luce
