2117 3942
189 345 267 422 228
414 343 652 417 Onaso·
678 329 683 365 ¹
709 344 737 407 ’ἶ

186 458 392 542 scriptasque
407 459 541 541 sperata?
557 482 621 542 quae
638 459 783 544 cogitata,
796 456 872 546 quid

188 541 308 616 dicam?
332 545 381 621 qui
404 542 485 600 locus
514 543 592 601 orbis
616 559 697 602 terrae
723 540 783 621 jam
808 566 874 608 non

188 639 250 684 erat
274 622 367 681 alicui'
380 620 558 682 destinatus?
581 620 661 701 cujus
682 627 795 704 negotii
815 646 876 706 pu·

188 701 258 761 biici
282 704 402 783 cogitari
416 699 543 782 ‚optari
555 748 568 773 ,
585 702 654 784 fingi
678 706 789 765 curatio
815 727 876 787 po.

188 784 267 854 tuit,
291 803 355 863 quae
377 803 438 841 non
461 779 530 842 esset
551 785 686 842 attributa
701 802 797 864 atque
818 785 877 848 de·

187 861 290 942 scripta
307 863 321 923 ὲ·
345 861 425 944 quod
451 882 541 944 genus
564 864 701 943 imperii,
730 882 877 948 antiquae

187 945 357 1024 provincia,
375 963 440 1023 quae
452 945 525 1002 ratio
539 942 721 1016 auferendae,
737 962 786 1005 aut
799 966 877 1006 con·

188 1023 293 1087 flandae
318 1025 447 1105 pecuniae
470 1045 530 1083 non
556 1025 775 1102 reperiebatur?
808 1047 877 1108 qua

189 1107 294 1185 regio,
313 1124 401 1165 orave
415 1120 557 1163 terrarum
573 1121 633 1164 erat
650 1105 755 1178 latior,
770 1107 876 1188 inqua

190 1206 252 1249 non
266 1205 387 1266 regnum
402 1185 520 1263 aliquod
535 1183 724 1244 statueretur?
741 1187 806 1266 quis
822 1207 880 1246 au-¹

189 1282 252 1327 tem
271 1286 346 1338 rex,
371 1267 421 1347 qui
443 1265 495 1324 ilio
515 1266 601 1324 anno¹
616 1287 678 1324 non
698 1282 747 1325 aut
768 1284 877 1327 ernen-

191 1345 262 1406 dum
280 1346 356 1416 sibi,
376 1344 457 1425 quod
474 1366 535 1405 non
553 1345 702 1417 habebat,
725 1363 775 1405 aut
793 1348 882 1408 redi⁴

190 1425 354 1498 mendum,
382 1425 463 1506 quod
484 1425 634 1498 habebat,
659 1426 877 1488 arbitraretur?
906 1494 913 1503 ,

191 1508 255 1587 quis
269 1508 468 1586 provinciam,
488 1507 550 1585 quis
567 1508 739 1586 pecuniam,
755 1510 818 1588 quis
833 1508 877 1569 le-

191 1589 340 1668 gationem
363 1586 408 1646 ab·
424 1585 521 1645 senatu
536 1586 690 1665 petebat?
720 1585 877 1648 Damnatis
910 1599 914 1604 '

191 1668 230 1727 de
247 1669 279 1726 vi
290 1663 429 1726 restitutio
442 1688 452 1739 3
473 1666 632 1726 confidanis
645 1668 750 1746 petitio
763 1669 820 1748 ipsi
833 1670 877 1729 illi

190 1747 323 1828 populati
335 1746 475 1807 sacerdoti
490 1747 720 1828 comparabatur.
734 1747 807 1808 Haee
843 1768 875 1810 e·

191 1829 311 1889 mebant
330 1826 589 1908 boni‚'spetabant
602 1831 641 1886 im
664 1827 752 1900 rubi,
768 1849 805 1911 ag
844 1846 875 1890 at

189 1910 320 1969 tribunus
337 1909 451 1990 plebis,
471 1907 601 1968 consules
618 1849 804 1985 adjuvabant.

232 1987 345 2050 XXXI.
360 1989 415 2048 Hic
429 1987 693 2070 aliquantb·setib8‚
712 1989 798 2068 quim
814 1988 878 2070 ipse

190 2071 307 2142 vellet,
331 2067 389 2129 Cn.
417 2068 596 2149 Pompeius,
618 2071 791 2128 invitissimis
816 2071 874 2143 iis,

192 2152 242 2229 qui
260 2166 390 2209 mentem
405 2171 430 2211 ,o
454 2151 515 2208 timi
535 2171 568 2208 ac
584 2147 730 2208 fortissimi
746 2151 802 2209 viri
820 2149 878 2210 suis

190 2230 340 2299 consiliis,
364 2227 417 2286 si&⁸
432 2248 488 2307 que
516 2230 697 2302 terroribus,
724 2249 741 2288 a
766 2229 876 2290 defen-

190 2310 274 2369 sione
289 2327 360 2367 meae
378 2306 471 2366 salutis
485 2325 670 2380 averterant,
690 2308 828 2370 excitavit¹
841 2310 875 2368 il·

189 2388 248 2448 hm
262 2387 339 2447 suam
354 2408 415 2445 non
428 2386 569 2466 sopitam,
586 2388 635 2448 sed
651 2389 809 2469 suspicione
823 2391 874 2449 ali·

189 2469 247 2551 qud
264 2467 434 2528 retardatam
453 2467 687 2528 consuetudinem
708 2471 874 2548 reipublicae

190 2551 267 2611 bene
291 2548 435 2630 gerendae.
462 2547 533 2608 Non
554 2549 595 2608 est
618 2548 709 2630 passus
730 2550 778 2609 ille
800 2553 872 2621 vit,

190 2633 240 2710 qui
261 2628 491 2690 sceleratissimos
514 2630 617 2701 cives,
642 2632 691 2709 qui
714 2631 875 2696 acerrimos

191 2707 307 2782 hostes,
322 2711 370 2790 qui
386 2712 521 2768 maximas
538 2712 689 2781 nationes,
707 2711 756 2788 qui
770 2729 873 2790 reges,

193 2791 243 2866 qui
260 2806 360 2869 gentes
374 2788 450 2849 setas'
460 2808 546 2870 atque
562 2789 722 2860 inauditas,
738 2792 786 2869 qui
800 2811 876 2870 praej

191 2867 304 2930 donum
321 2868 593 2931 infmitammanum
604 2915 627 2947 ‚w
638 2869 889 2950 quietiore-serr.¹

313 2997 391 3033 p..
