2117 3942
166 355 253 431 492.
390 332 612 403 ORATIO

167 450 363 529 summamque
371 447 587 529 praedaermitto
595 445 741 507 rationem
750 447 856 522 exaffir

168 531 356 612 imperatique
373 527 536 589 frumenti:
558 526 643 585 mitto
663 545 797 608 ereptam
816 531 864 588 li-⁴

169 612 313 671 bertatem
334 609 471 690 populis,
491 628 523 666 at
542 606 680 685 siugulis,
702 610 854 687 quierant

170 686 264 751 afferri
283 690 407 769 praemiis
429 689 620 756 nominatim,
638 707 767 766 quorum
786 689 852 748 nihil

173 766 234 842 est,
250 769 332 850 quod
352 789 414 829 nou
435 770 469 827 sit
487 767 553 849 lege
568 765 662 839 Iulii,
680 786 719 826 ne
741 766 804 828 fieri
815 769 858 828 ti-

172 864 262 929 (με,
281 848 418 908 sancitum
438 847 604 928 diligenter.¹
695 901 697 907 .

188 947 264 1007 .91·
284 929 423 989 AEtoliam
435 970 446 999 ,
472 948 536 1007 quae
560 923 662 1006 procul
685 947 702 985 a
728 927 859 987 barbaris·

171 1005 317 1088 'disjuudla
346 1006 478 1090 gentibus
500 1007 617 1073 itt-sinu
644 1007 725 1085 pacis
744 1009 861 1086 posita‚.

175 1088 277 1156 medio
294 1087 355 1160 fere
368 1087 488 1151 Graecia
507 1087 617 1168 gremio
637 1084 853 1167 continetur(d

199 1190 284 1241 uena,
300 1171 319 1228 ὃ
335 1168 406 1228 firria
419 1166 562 1228 sociorum
573 1163 767 1247 i)·decedens
778 1166 852 1240 ‚mi-

176 1188 268 1316 letam
280 1246 433 1329 perdidisti.
447 1245 598 1307 Arsinoam
607 1290 618 1317 ‚
627 1244 778 1319 Stratum,
788 1246 860 1306 Nau.

177 1327 293 1408 padum
303 1372 318 1399 ,
334 1344 365 1388 ut
383 1326 474 1387 modb
495 1343 557 1385 tute
580 1324 732 1400 iudicasti,
749 1327 860 1387 nobiles-

142 1406 145 1412 ’
178 1409 286 1479 urbes,
306 1426 392 1489 atque
412 1408 534 1487 plenas,
552 1405 647 1465 fateris
672 1407 709 1465 ab
736 1406 862 1467 hostibus-

179 1485 236 1555 eile
247 1504 362 1566 captas:
374 1487 475 1566 quibus
488 1504 584 1544 autem
594 1483 723 1545 hostibus
733 1486 746 1546 i
757 1506 858 1568 nempe

180 1568 234 1647 iis,
247 1586 321 1645 quot
334 1583 366 1625 tu
382 1563 545 1625 Ambraciae
560 1564 684 1640 sedens,
699 1569 799 1647 primo
812 1586 857 1627 tuo

179 1644 308 1711 adventu
326 1665 362 1706 ex
373 1645 489 1727 oppidis
499 1644 676 1727 Agrianum,
693 1664 785 1728 atque
801 1646 859 1708 Du·

181 1726 283 1807 lupum
304 1726 483 1808 demigrare,
502 1726 534 1784 δι
555 1743 638 1798 arus,
657 1726 691 1786 &
715 1727 804 1789 focos
819 1748 859 1789 re·

181 1807 312 1888 linquere
330 1807 457 1888 coegisti.
480 1806 547 1865 Huc
568 1823 598 1864 ru
615 1807 644 1864 in
665 1808 769 1881 exitu,
799 1804 859 1868 xru-

184 1888 260 1953 clare
281 1889 459 1968 imperatur,
485 1907 573 1966 quum
592 1886 649 1944 tibi
672 1886 711 1946 ad
738 1830 865 1967 prilluas

184 1968 282 2035 clades
300 1971 427 2043 {recessio
445 1965 542 2026 fuisset
560 1966 676 2026 AEtoliae
697 1972 861 2047 repentinus

184 2051 332 2121 interitus,
342 2049 497 2108 exercitum
509 2044 634 2105 dimisisti
646 2066 653 2103 ε
666 2066 767 2128 neque
782 2048 864 2108 ullam

184 2149 328 2211 poenam,
371 2150 413 2188 uae
432 2145 515 2187 tanto
540 2125 662 2185 facinori·
687 2126 860 2199 deberetur,

185 2228 247 2271 uon
263 2150 387 2269 maluili
399 2206 509 2279 subire,
526 2205 613 2286 quim
632 2225 789 2268 numerum
801 2225 869 2269 tuo·-

184 2306 248 2346 rum
265 2288 407 2359 militum,
426 2285 613 2366 reliquiasque
635 2287 827 2366 cognoscere.

227 2364 433 2425 xxxvlll.
453 2365 553 2446 Atque
573 2383 605 2425 ut
624 2365 751 2431 duorum
768 2367 870 2449 Epicu·-

187 2467 304 2509 reorum
322 2444 535 2519 similitudinem
554 2448 584 2507 iu
600 2466 631 2504 re
650 2446 789 2521 militari,
810 2451 863 2506 im·

187 2531 328 2609 perioque
338 2526 458 2587 uideatis
472 2545 484 2584 t.
495 2525 650 2598 Albucius,
660 2546 751 2605 quum
765 2531 795 2586 iu
806 2527 864 2587 Sar·

189 2609 266 2672 dinis
283 2604 497 2688 triumphaffet,
515 2605 619 2666 Romae
636 2605 790 2667 damnatus
807 2605 869 2667 est:.

188 2688 256 2760 luc,
315 2708 365 2748 um
390 2686 512 2746 similem
538 2688 644 2745 exitum
660 2684 822 2765 spellaret,
837 2689 871 2745 iu,

226 2786 276 2825 are
299 2770 365 2826 onia
389 2783 499 2847 tropaea
520 2764 631 2846 posuit3
652 2785 777 2846 eaque,
806 2788 871 2847 quae:

210 2844 296 2912 ulica
312 2845 402 2912 laudis
412 2891 429 2924 ,q
444 2846 626 2929 videriaeque
647 2867 750 2913 omues
767 2864 872 2932 gemes
