2117 3942
182 400 262 481 ‘240
411 382 639 453 Orrrrrro
714 394 727 405 '·

182 505 233 563 tris
249 500 407 561 collocatos
422 498 527 558 videtis
542 495 639 570 „effer
653 493 687 557 P.
702 493 805 558 Sextio
819 508 873 561 aut

154 608 163 621 ·
183 583 342 643 acerbitate
362 580 487 650 mortis,
509 595 558 638 aut
578 580 676 637 animo
697 578 726 636 in
748 599 873 659 rempuq·
889 624 895 633 ..

183 644 291 721 blicam
337 658 528 740 raeponendus
547 678 554 718 :
575 660 625 739 qui
647 677 735 738 quum
758 659 873 721 causam

184 743 255 803 civis
281 683 464 812 caibmitosi‚
489 737 601 797 causam
626 739 735 811 amici,
758 738 874 801 causam

185 821 262 882 bene
274 822 313 881 de
326 841 356 881 re
379 821 472 881 ublica
484 821 599 893 meriti,
614 816 724 876 causam
738 816 875 895 ἷειιιιιίὶε,1

184 902 297 975 pausam
317 843 435 974 Itaiiae,
460 897 570 958 causam
591 898 757 978 reipublicae
778 898 873 961 susce·

185 980 290 1063 piffet3
305 1001 452 1063 quumque
468 976 596 1059 auspiciis
611 978 804 1060 religionique
821 1003 875 1062 pa·

185 1082 253 1123 rens
267 1062 471 1134 obnuntiaret,
486 1060 566 1139 quod
580 1057 724 1130 senserat3
739 1058 805 1123 luce
819 1082 874 1141 pa-¹

184 1140 246 1215 lam
265 1164 282 1200 a
300 1141 416 1202 nefariis
435 1138 559 1220 pestibus
577 1140 606 1196 in
625 1138 750 1198 deorum
771 1140 872 1201 horni-

184 1241 314 1300 numque
331 1219 482 1301 conspeibu
500 1217 570 1278 effer
586 1216 714 1291 occisus,
732 1217 873 1281 sanffissi·

187 1323 239 1363 mo
257 1303 287 1361 in
301 1302 435 1381 templo,
450 1298 621 1358 sanstissima
631 1301 660 1357 in
675 1297 758 1358 causa
770 1344 781 1373 ‚
791 1298 873 1362 sanc-

189 1382 300 1443 tissimo
326 1383 356 1439 in
377 1377 550 1460 magistratu.
577 1375 661 1457 Ejus,
674 1380 760 1460 igitur
780 1383 872 1441 vitam

188 1460 337 1542 quisquam
352 1458 530 1538 spoliandam
549 1460 727 1535 ornamentis
748 1458 806 1521 ess'e
824 1462 872 1533 tli-

185 1558 251 1613 cet,
267 1537 346 1619 cujus
359 1556 485 1599 mortem
502 1538 663 1599 ornandam
675 1559 871 1605 monumento

185 1619 244 1682 sem
268 1622 360 1680 iterno
378 1618 539 1702 putaretis?
869 1656 873 1663 ·

186 1740 202 1771 ,-
260 1699 371 1761 XXIX.
387 1702 551 1773 Homines,
563 1699 670 1780 inquit,
682 1699 794 1775 emisti,
808 1705 873 1763 co'e'·

186 1778 267 1862 giiii,
287 1779 398 1862 parasti.
425 1782 507 1860 Quid
525 1782 567 1840 uti
585 1779 718 1841 faceret?
741 1780 873 1843 senatum·

188 1861 362 1922 obsideret?
384 1863 462 1922 cives
481 1861 665 1922 indemnatos
689 1861 868 1942 expelleret?
920 1862 922 1869 '

186 1940 268 2003 bona
289 1941 455 2021 diriperet?
480 1941 557 2000 aedes
578 1941 775 2003 incenderet?
796 1942 869 2003 teda
911 1954 923 2029 f·

188 2020 379 2081 disturbaret?
399 2021 509 2099 templa
521 2020 642 2081 deorum
663 2023 867 2083 immortalium
908 2032 922 2095 ἴ

187 2097 379 2163 inflammaret
391 2100 403 2160 ἓ
420 2103 549 2161 tribunos
562 2101 653 2178 plebis
665 2100 745 2164 ferro
759 2123 777 2164 e
792 2102 866 2163 Ros·
913 2114 922 2121 ''

188 2183 238 2239 tris
253 2180 433 2260 expelleret?
455 2181 641 2261 provincias,
662 2201 733 2261 quas
754 2183 868 2255 vellet,

187 2260 291 2339 quibus
312 2260 420 2331 vellet,
441 2260 612 2320 venderet?
635 2279 720 2341 reges
738 2262 864 2343 appella·
913 2274 923 2335 j

186 2339 253 2403 ret?
271 2359 366 2399 rerum
384 2341 548 2420 capitalium
559 2338 771 2401 condemnatos
787 2345 815 2401 in
831 2341 865 2401 li-'
908 2338 923 2413 s

188 2419 274 2483 heras
286 2420 416 2479 civitates
428 2440 480 2500 per
496 2421 608 2500 legatos
624 2418 737 2480 nostros
748 2421 864 2483 reduce·
915 2422 923 2495 ‘j

189 2500 255 2564 ret?
271 2502 428 2581 principem
441 2500 563 2560 civitatis
577 2498 655 2559 ferro
669 2499 810 2563 obsessum
825 2518 863 2563 te·
919 2508 923 2577 j

189 2581 294 2645 neret?
309 2580 382 2641 Haec
397 2598 427 2639 ut
446 2578 561 2640 efficere
580 2577 692 2659 poffet,
709 2602 775 2662 quae
788 2580 863 2654 fieri,'
915 2586 923 2597 “

189 2664 245 2725 nisi
261 2663 345 2722 armis
363 2658 497 2740 oppressi
514 2659 661 2739 republica
677 2662 759 2723 nullo
777 2661 861 2723 modo

213 2757 352 2813 merant,
377 2742 511 2812 idcireo,
535 2740 649 2815 credo,
671 2762 790 2805 manum
815 2741 864 2805 sibi
912 2746 923 2809 ,“

189 2760 226 2879 ἓ.
246 2818 357 2882 Sextius
375 2821 518 2900 &copias
537 2825 728 2900 comparavit.
914 2828 923 2837 '

230 2897 280 2985 ὃς.
293 2900 337 2963 At
347 2899 478 2965 nondum
492 2918 553 2963 erat
565 2918 722 2967 maturum:
737 2903 864 2977 nondun
910 2882 924 2919 ⁵

822 3000 863 3046 rer

889 3096 898 3155 i
