2117 3942
317 339 364 412 16
497 336 717 405 Ontvro
759 331 790 408 Ι.

312 449 506 512 offensionem
523 452 771 513 oblitteraverunt.
789 452 854 514 Jam
875 447 914 510 T.
932 446 987 533 Faf

312 533 394 606 dius,
412 528 461 612 qui
479 522 550 593 mihi
567 526 689 614 quaestor
700 531 773 610 fuit,
793 533 845 594 Μ’.
859 527 987 607 Curtius,

311 610 392 691 cujus
408 633 463 695 ego
476 616 552 694 patri
567 603 688 695 quaelior
702 606 763 685 fui,
778 606 891 686 studio,
908 635 987 672 amo÷

311 712 362 766 re,
380 696 498 768 animo,
515 695 581 754 huic
594 694 799 755 necessitudini
816 716 875 754 non
889 686 987 753 defue-

310 790 387 833 runt.
408 772 503 835 Multa
521 775 558 835 de
577 794 624 851 me
642 765 688 853 C.
701 774 848 854 Messius,
863 774 896 834 &
917 775 987 833 ami·

311 855 406 927 citiae,
426 855 460 932 ¹&
480 856 644 936 reipublicae
660 855 765 928 causi,
784 855 873 914 dixit:
896 854 923 914 le
944 874 987 913 em

311 932 462 1014 separatim
483 938 564 995 initio
587 937 624 997 de
639 933 725 996 salute
742 953 808 995 mea
825 875 987 1016 promulga-

310 1017 363 1077 vit.
385 1015 429 1094 Q.
444 1015 612 1090 Fabricius,
632 1018 675 1090 si,
696 1036 760 1096 quae
781 1015 817 1075 de
836 1033 886 1075 me
906 1035 987 1096 agere

312 1112 431 1155 conatus
445 1094 503 1169 est,
517 1117 552 1157 ea
566 1098 668 1158 contra
678 1098 740 1155 vim
754 1092 787 1155 &
799 1093 906 1154 ferrum
923 1114 987 1174 per·

311 1170 399 1236 ficere
418 1175 553 1256 potuillet
569 1199 579 1250 ;
596 1174 693 1237 mense
710 1176 844 1238 lanuario
862 1172 987 1256 nostrum

311 1246 413 1315 statum
432 1254 693 1338 recuperaliemus:
714 1277 801 1336 que-m
818 1253 854 1317 ad
871 1252 987 1329 salutem

312 1338 565 1403 meamvoluntas
585 1336 724 1418 impulit,
744 1340 787 1397 vis
809 1335 987 1411 retardavit,

311 1416 463 1478 audoritas
477 1417 570 1479 vestra
586 1422 745 1479 revocavit.

352 1495 413 1558 IX.
433 1496 497 1558 Jam
516 1504 589 1560 verb
610 1518 748 1580 praetores
768 1516 826 1578 quo
843 1498 940 1556 animo
961 1497 987 1556 in

312 1586 360 1637 me
371 1576 491 1652 fuerint,
507 1602 563 1640 vos
574 1573 733 1658 existimare
744 1574 892 1658 potuistis,
903 1597 987 1657 quum

309 1656 350 1716 Le
364 1655 496 1719 Caecilius
509 1664 642 1741 privatim
660 1679 708 1730 me
723 1657 777 1718 suis
789 1659 921 1739 omnibus
940 1679 987 1729 co·¹

310 1739 365 1817 piis
381 1737 517 1805 studuerit
532 1739 706 1812 'sustentare3
726 1737 841 1818 publice
858 1734 987 1818 promul«.¹

311 1819 398 1899 gavit„
413 1819 450 1879 de
476 1841 543 1880 mea
561 1819 657 1899 salute!
679 1840 746 1880 cum
769 1817 889 1900 collegis
915 1837 987 1899 pene

312 1898 467 1974 omnibus3
482 1899 674 1982 direptoribus
683 1916 780 1959 autem
791 1918 924 1958 meorum
937 1898 987 1958 bos

311 2001 416 2040 norum
435 1982 466 2039 in
482 1977 526 2060 jus
547 1980 672 2041 adeundi
687 1976 987 2060 potestatemnonfe·

312 2061 394 2121 cerit.
415 2060 460 2120 M.
482 2079 579 2122 autem
595 2059 743 2130 Calidius,
755 2057 847 2118 statim
857 2057 987 2140 designa·

312 2154 386 2211 tus,
407 2135 547 2200 sententia
564 2140 637 2216 suti,
658 2138 744 2222 qudm
763 2135 833 2198 ess'et
853 2136 918 2198 cara
940 2138 987 2200 sibi

314 2239 380 2278 mea
398 2220 492 2295 salus,
514 2222 678 2283 declaravit.

355 2317 404 2378 23.
422 2297 533 2362 Omnia
547 2301 641 2363 officia
658 2300 697 2363 C.
710 2299 864 2381 Septimii,
881 2296 925 2378 Q
934 2299 987 2362 Va·

313 2379 395 2454 lerii,
417 2379 449 2440 P.
466 2380 588 2459 Crassi,
598 2383 665 2444 Sex.
683 2380 839 2461 Quintilii,
856 2377 895 2440 C.
913 2377 987 2443 Con.

313 2464 395 2535 nuti,
413 2460 522 2523 summa
541 2465 572 2524 &
593 2466 622 2522 in
639 2482 709 2534 me,
733 2461 813 2520 &in
833 2459 987 2538 rempubli-

314 2562 377 2602 cam
392 2541 596 2604 constiterunt:
607 2563 669 2624 quae
680 2562 767 2622 quum
782 2539 904 2600 libenter
915 2559 987 2598 com

315 2641 450 2683 memoro
470 2669 480 2697 ,
502 2641 565 2683 tum
583 2644 644 2684 non
660 2623 765 2680 invitus
786 2618 987 2680 nonnullorum

314 2700 345 2755 in
363 2722 410 2762 me
425 2704 533 2764 nefarie
547 2699 693 2764 commilia
703 2718 861 2783 praetereoz
877 2722 937 2759 non
952 2696 987 2760 eil

315 2781 375 2839 mei
386 2788 525 2864 temporis
536 2783 651 2867 injurias
664 2780 821 2847 meminisse
829 2803 839 2860 3
850 2803 919 2865 quas
934 2801 987 2864 egn
