2117 3942
217 388 265 460 68
323 432 335 443 -
427 378 653 455 ΟκΑτιο

216 506 282 562 c'um
307 500 462 583 collegium
483 501 590 561 docere
610 498 738 572 conari;
761 517 809 560 aut
836 510 898 573 tani

216 569 351 655 stultum,
369 581 475 662 quim,
492 583 515 640 si
530 584 592 662 quis
607 579 676 662 quid
694 583 723 640 in
741 579 841 641 vestris
860 584 900 644 lf-

216 663 274 721 bris
293 663 457 733 invenerit,
472 660 503 721 id
519 681 633 722 narrare
649 660 756 732 vobis;
770 678 818 721 aut
837 681 899 723 tam

212 739 376 816 'curiosum
412 741 478 801 uim
493 763 527 803 ea
544 740 613 802 scite
628 741 728 814 velle,
742 740 780 803 de
795 745 899 823 quibus

215 818 342 902 majores
352 764 441 884 aedri
451 843 505 885 vos
517 821 594 884 solos
606 823 638 883 &
648 819 773 898 consuli,
786 823 818 883 &
828 822 900 886 scire

217 903 394 966 voluerunt?
585 965 588 969 ,

260 983 361 1045 XIII.
380 981 428 1044 Ne
440 986 468 1044 ¹o
486 979 608 1066 potuisse
622 981 684 1061 jure
700 983 841 1064 publico,
856 978 900 1047 le·

217 1066 299 1147 gibus
316 1069 368 1139 iis,
383 1004 486 1147 quiffius
495 1064 556 1123 haec
568 1065 667 1124 civitas
679 1067 783 1138 utitur,
798 1085 901 1146 quem·

218 1150 304 1228 qu'am
321 1149 416 1207 civem
432 1144 490 1205 und
508 1141 650 1224 ejusmodi
666 1145 829 1206 calamitate
838 1144 901 1206 affi-

219 1229 264 1301 ci,
282 1230 343 1287 sirie
354 1225 479 1304 judicio:
498 1226 556 1286 hoc
572 1223 639 1304 juris
652 1227 682 1285 in
693 1226 746 1284 hac
761 1228 878 1303 civitate
891 1272 902 1301 ,

219 1309 395 1379 etiamtum,
405 1326 497 1444 ffuutn
507 1302 709 1395 r'ege'se'ffent‚
721 1305 787 1366 dico
801 1303 901 1381 fuiss'e3

217 1386 275 1446 hoc
291 1388 403 1446 nobise
427 1406 443 1446 e
462 1407 480 1445 a
495 1385 652 1464 majoribus
669 1382 828 1460 traditum3
844 1386 901 1448 hoc

220 1463 277 1526 effe
291 1454 415 1548 denique
433 1469 584 1546 proprium
601 1466 700 1527 liberae
717 1468 858 1542 civitatis,
871 1482 902 1529 ut

219 1542 289 1606 nihil
302 1546 346 1625 'de
362 1547 456 1626 capite
472 1548 543 1607 civis
560 1592 572 1621 ,
590 1564 638 1606 aut
656 1547 693 1608 de
715 1547 822 1624 bonis,
841 1550 901 1610 sine

217 1614 325 1707 judicio
345 1624 477 1701 senatis,
496 1645 546 1687 aut
565 1627 685 1708 populi,
705 1645 753 1688 aut
772 1649 901 1704 eorum,

220 1710 269 1845 gui
287 1706 324 1769 de
341 1711 454 1789 quaq'ue
475 1713 508 1769 τό
526 1707 672 1769 constituti
692 1706 802 1791 judices
823 1712 899 1784 sint,

241 1781 332 1848 etrahi
372 1788 452 1848 os'sit.
669 1855 682 1865 y,
850 1860 852 1864 ¹
894 1846 898 1851 .

262 1887 309 1947 34.
364 1867 461 1928 idssne
479 1888 526 1929 me
543 1885 604 1930 non
621 1862 752 1930 radicitus
774 1867 902 1932 evellere

220 1969 324 2011 omnes
342 1947 469 2010 adiones
486 1949 570 2009 tuas?
592 1968 686 2031 neque
702 1948 772 2008 illud
793 1971 901 2032 agere,

219 2028 302 2111 quod
319 2046 451 2112 apertum
470 2028 530 2102 est,
552 2031 589 2091 te'
603 2032 723 2091 omnino
744 2029 814 2090 nihil
835 2052 904 2113 ges·

219 2108 283 2170 siffe
300 2107 364 2189 jure
375 2156 385 2183 ‚
395 2132 456 2171 non
466 2107 545 2170 fuisse
555 2112 700 2170 tribunum
710 2110 826 2191 plebis?
848 2113 902 2172 hoc

221 2187 307 2264 dico,
325 2188 381 2251 ess'e
402 2193 552 2271 patricium
571 2211 578 2249 z
601 2190 667 2250 dico
686 2191 764 2270 apud
781 2191 903 2273 pontifi·

220 2279 290 2342 c'es3
307 2290 428 2408 aufutes
442 2269 542 2331 adsunt
557 2289 567 2343 ;
583 2270 681 2331 versor
695 2270 725 2330 in
742 2268 842 2334 medio
856 2270 905 2352 ju·

219 2369 252 2410 re
282 2342 341 2430 pub
354 2353 410 2411 ico.
438 2351 533 2430 Quod
558 2349 598 2411 est
618 2394 629 2425 ,
649 2349 837 2428 Pontifices,
859 2351 904 2434 jus

220 2428 410 2512 adoptionis?
428 2448 536 2513 nempe
553 2449 586 2491 ut
601 2433 624 2490 is
641 2431 781 2514 adoptet,
794 2435 844 2515 qui
853 2454 905 2495 ne·

221 2532 278 2594 que
304 2510 456 2593 p'rocteare
480 2510 540 2591 jam
565 2512 674 2573 liber'os
698 2514 819 2595 possit,
841 2514 902 2588 δι,

241 2613 309 2653 uum
327 2595 474 2672 potuerit,
492 2594 526 2652 sit
546 2606 693 2674 expertus.
721 2593 800 2675 Quae
820 2594 905 2656 dein·

219 2613 259 2733 de
279 2671 360 2733 causa
377 2676 480 2754 cuique
495 2673 530 2732 sit
548 2675 736 2757 adoptionis,
755 2695 819 2756 quae
832 2679 905 2739 tatio

222 2768 362 2832 generum
394 2775 427 2814 ac
447 2753 622 2837 dignitatis,
643 2772 707 2837 quae
730 2753 875 2817 sacrorum
895 2787 905 2829 ·,

221 2835 309 2910 quaeri
319 2856 335 2892 a
345 2832 517 2917 pontificum
529 2835 656 2918 collegio
669 2835 752 2898 solet.
767 2834 851 2918 Quid
864 2833 905 2901 est

222 2909 328 2973 horum
341 2916 371 2977 in
379 2914 430 2979 ista
439 2915 601 2997 adoptione
612 2917 782 2998 quae'situmi
795 2914 906 3001 Adop-
