2117 3942
281 419 379 489 Pno
413 419 487 489 ert.
513 422 746 491 Paancro.
789 420 862 515 5'61

181 534 345 598 dentiss'imt
356 553 445 616 atque
459 537 563 617 optimi
574 536 663 607 senis,
678 536 711 594 δι
725 535 818 595 utrius
851 556 870 598 e

180 618 309 679 filiorum
330 616 485 690 manibus,
505 620 535 675 in
562 618 630 678 navi
649 632 712 674 tuta
735 636 768 674 ac
788 615 809 675 (ι
831 616 869 676 eli

176 699 366 769 collocatus,
386 716 546 775 eorumque
564 716 666 778 preces
688 697 721 754 δι
739 712 810 756 vote
830 696 869 758 de

180 798 253 839 tneo
284 777 379 838 reditu
412 775 595 850 exaudiens,
623 774 870 854 Dyrrhachium,

180 858 265 940 quod
282 873 343 917 erat
358 855 460 916 infide
476 876 562 929 mea,
600 874 679 919 erere
697 857 848 916 contendi.

224 936 275 1017 98.
296 936 368 1015 Quo
384 955 473 1017 quum
492 938 562 996 veni
585 957 655 1010 ern,
670 938 821 1015 cognovi,
838 935 871 995 id

181 1018 264 1099 quod
277 1015 573 1088 audieram,refertam
585 1015 642 1077 effe
654 1013 796 1075 Graeciatn
807 1014 872 1076 sce-

182 1098 420 1159 leratissimorum
435 1097 608 1171 hominurn,
622 1118 656 1156 ac
673 1093 872 1170 nefariorum,

223 1198 309 1238 orum
329 1179 449 1256 impium
472 1174 602 1249 ferrum,
626 1173 760 1258 ignesque
780 1174 872 1255 pesti·

196 1279 264 1318 eros
281 1272 364 1317 meus
380 1257 428 1315 ille
450 1255 610 1316 consulatus
630 1277 646 1316 e
666 1255 798 1315 manibus
814 1275 870 1316 ex·

182 1337 326 1398 torserat:
345 1338 394 1418 qui
414 1352 568 1416 antequam
590 1337 628 1396 de
649 1355 718 1395 meo
741 1336 870 1396 adventu

183 1418 285 1478 audire
299 1413 476 1496 potuident‚
493 1437 583 1498 quum
598 1433 660 1475 tum
678 1413 804 1475 abeisent
817 1416 872 1476 ali·

225 1513 259 1558 ot
280 1496 392 1557 dierum
409 1497 488 1556 viam
505 1541 515 1570 ‚
534 1497 564 1556 in
587 1496 813 1570 Macedoniam,
832 1496 870 1556 ed

174 1518 392 1656 ddanciumque
409 1578 532 1656 perrexi.
553 1577 611 1637 Hic
630 1578 704 1637 vero
722 1577 805 1636 sint'ul
822 1593 872 1636 at·-

184 1678 244 1740 que
270 1676 318 1717 nte
342 1675 424 1716 mare
447 1655 736 1739 transiffe'cognovit
753 1655 768 1737 (
784 1657 872 1730 auda,

174 1738 272 1811 audi,
289 1752 375 1816 atque
392 1737 528 1806 attende,
542 1736 723 1808 Laterensis,
738 1754 769 1795 ut
782 1735 872 1811 scias,

185 1817 259 1901 quid
280 1836 337 1898 ego
354 1814 472 1876 Plancio
494 1816 640 1887 debeam,
657 1813 873 1897 confiteareque

184 1896 366 1980 aliquando,
382 1897 463 1976 quod
477 1895 582 1956 faciam
592 1941 601 1969 ‚
613 1916 664 1955 me
678 1897 710 1956 δι
722 1898 821 1977 grate,
839 1897 874 1956 &

183 1979 235 2060 pie
249 1975 347 2037 facere
360 1997 367 2034 :
379 1976 467 2049 huic,
523 1999 548 2036 π
568 1997 623 2055 pro
638 1974 726 2036 salute
743 1996 810 2036 mea
825 1974 873 2036 fea

185 2060 260 2119 cerit
271 2101 280 2131 ‚
291 2058 314 2116 si
324 2057 416 2115 minias
427 2078 480 2136 pro
513 2073 578 2115 tura
588 2058 663 2129 sint,
677 2054 776 2115 obeffe
792 2056 872 2116 certe

184 2142 249 2200 n'on
275 2139 441 2217 oportere)
465 2157 532 2195 nam
556 2136 640 2195 simul
662 2157 696 2195 ac
716 2156 764 2195 me
784 2134 877 2216 Dyr·

183 2217 336 2279 rhachium
354 2214 473 2296 attigisse
491 2215 622 2289 audivit3
639 2212 732 2276 statim
749 2218 785 2277 ad
803 2227 872 2290 nie,

175 2298 336 2360 dictoribus
366 2296 514 2368 dimissis,
541 2295 698 2378 insignibus
728 2296 846 2378 abjetiis
861 2306 880 2371 ',

183 2376 271 2442 veste
286 2375 421 2454 mutati,
437 2374 584 2457 profedius
601 2375 652 2436 est.
782 2432 784 2437 .

230 2474 282 2535 99.
301 2455 482 2517 Oacerbarn
499 2455 591 2526 mihi,
611 2455 745 2526 Iudices,
758 2474 879 2516 mentorb

171 2541 262 2601 -riam
281 2539 422 2616 temporis
442 2536 539 2605 iliius,
559 2534 591 2592 &
613 2534 698 2606 loci,
722 2554 811 2613 quum
830 2535 882 2596 hic·
920 2589 922 2595 .

186 2621 220 2679 in
237 2637 286 2678 me
305 2616 424 2689 incidit,
444 2613 613 2694 complexus
632 2611 672 2673 est
685 2656 694 2686 ‚
707 2613 879 2693 conspersit·

188 2716 249 2780 que
266 2696 422 2776 lacrymis,
435 2715 490 2756 nec
506 2695 585 2773 loqui
601 2713 660 2772 prae
678 2705 805 2754 moerore
822 2716 878 2775 po-

187 2775 267 2840 tuit!
286 2775 306 2836 ὃ
322 2783 385 2836 teni
404 2796 493 2856 quum
511 2774 609 2832 auditu
629 2772 802 2847 crudelem,
816 2794 885 2835 turn

191 2855 260 2917 visu
283 2854 446 2916 nefariami
468 2854 487 2913 ὃ
511 2853 641 2934 reliquos
665 2874 773 2914 ornnes·
792 2854 853 2916 dies
871 2901 887 2928 ,‚

194 2934 353 3017 noctesque
371 2955 418 2996 eas
433 2979 443 3006 ‚
463 2935 569 3014 quibus
584 2931 635 2994 iste
653 2956 676 2993 a.
688 2954 740 2994 me
754 2950 819 3001 non
831 2954 886 2999 ro·

192 3015 311 3081 'cedens-
321 3013 584 3094 ,Thessalonicam
605 3031 656 3076 me
671 3058 685 3089 ,
695 3037 738 3153 {a
758 3012 890 3094 qnaestoe

721 3130 723 3133 v
734 3116 755 3153 a
763 3115 786 3156 n
