2117 3942
290 383 350 434 aa
376 366 414 435 t.
442 364 695 467 Pisonen.
744 362 818 461 '481
907 347 911 353 ⁵

140 478 356 552 Aristarchum,
373 480 422 542 sed
441 479 582 539 Phalarim
604 482 840 563 grammaticum

139 561 302 631 habemus,
319 561 439 640 quinon
457 578 557 626 notam
571 579 700 656 appanas
711 560 747 621 ad
761 582 825 621 ma·

139 642 202 700 lum
219 638 331 700 versum
344 684 353 712 ,
365 639 415 700 sed
435 655 554 719 poetam
570 660 653 699 arnns
670 642 825 724 persequa-

139 740 192 780 re:
211 718 280 778 scire
295 722 401 799 cupio,
416 719 483 798 quid
499 717 617 777 tandem
631 719 685 781 isto
701 722 730 778 in
740 716 825 782 versti

139 798 357 880 reprehendas,
378 801 483 858 Cedant
495 816 571 855 arma
589 817 664 880 toga.
686 798 758 860 Tuae
779 797 824 861 ‹li-³

139 882 203 951 cis,
224 881 253 937 in
276 879 337 949 uit,
356 894 432 959 togae
452 876 593 936 summum
616 881 824 959 imperatorem

139 956 199 1020 elle
221 899 369 1017 ceilurum.
395 958 477 1036 Quid
496 977 571 1014 nunc
588 974 638 1032 te,
656 961 755 1033 asine,
774 960 826 1019 lit·

139 1055 217 1098 teras
237 1036 382 1098 doceam?
403 1058 462 1096 nott
483 1056 556 1116 opus
573 1035 614 1095 est
633 1039 751 1112 verbis,
773 1036 825 1098 sed

141 1116 261 1177 fustibus
274 1139 281 1176 ι
292 1138 359 1176 non
379 1117 437 1175 dixi
454 1118 528 1176 hanc
544 1133 644 1198 togam
662 1161 671 1190 ‚
687 1119 744 1198 qui
755 1116 825 1178 'sum

141 1195 261 1257 amicius
280 1218 289 1268 ;
313 1218 368 1256 nec
389 1218 468 1256 arma
486 1226 497 1267 ·‚
516 1193 624 1255 scutum
648 1197 824 1281 &gladium

141 1279 226 1337 unius
244 1279 424 1357 imperatoris
437 1299 443 1336 :
456 1277 507 1337 sed
523 1276 602 1356 qubcl
620 1279 697 1356 pacis
715 1276 755 1337 est
773 1279 824 1339 in-

142 1359 224 1438 signe
240 1357 273 1415 &
288 1359 358 1430 otii,
374 1355 466 1440 toga3
488 1356 590 1418 contra
610 1373 705 1416 autem
725 1372 827 1432 arma,·

141 1435 282 1497 tumultis
296 1455 381 1516 atque
398 1438 488 1510 belli3
506 1457 589 1496 more
606 1454 757 1515 poetarum
773 1433 825 1497 lo-

142 1533 246 1588 cutus,
264 1516 320 1577 hoc
340 1519 460 1600 intelligi
476 1518 578 1590 volui,
599 1515 708 1576 bellum
723 1540 756 1578 ac
774 1533 826 1577 tu-

143 1596 269 1656 multum
303 1599 366 1676 paci
398 1609 483 1677 a'tque
518 1599 582 1656 otio
615 1597 826 1659 cancellatum

144 1676 256 1757 Quaerc
272 1674 450 1734 ex‘familiari
462 1695 535 1748 tuo,
557 1673 661 1733 Grato
679 1677 728 1735 illo
768 1697 825 1736 oe-

143 1773 195 1816 ta:
219 1756 355 1834 probabit
372 1776 461 1836 genus
475 1754 587 1835 ipsum,
609 1754 640 1812 &
664 1698 828 1841 agnolbet',“

143 1855 242 1916 neque
260 1853 290 1895 te
307 1836 376 1894 nihil
392 1834 490 1915 sapere
505 1835 662 1892 mirabitur.

186 1935 238 1988 74.
264 1915 306 1991 At
324 1918 353 1973 in
368 1915 420 1974 illo
440 1915 559 1986 altero,
581 1915 689 1992 inquit,
711 1911 827 1987 haeres,'

145 1998 286 2056 Concedat
300 1996 396 2052 laurea
414 1996 501 2052 laudi.
522 1992 616 2052 Immo
638 1992 829 2067 mehercule‚·

145 2076 243 2134 habeo
262 2074 314 2130 tibi
335 2075 471 2153 gratiam:
492 2072 630 2132 haererem
652 2073 749 2144 enim,
771 2073 826 2134 nisi

145 2173 177 2214 ru
197 2150 356 2232 expedisses
376 2172 383 2209 :
409 2173 475 2212 nam
496 2172 585 2234 quum
605 2169 635 2210 tu
655 2151 769 2211 timidus
789 2173 825 2212 ac

146 2252 275 2294 tremens
292 2235 344 2290 tuis
361 2231 420 2312 ipse
433 2232 611 2292 furacissimis
629 2232 758 2291 manibus
775 2231 831 2292 de-'

145 2313 267 2375 tractam
297 2332 313 2372 e
339 2316 462 2373 cruentis
491 2311 610 2374 fascibus
633 2312 758 2372 lauream
788 2311 828 2370 ad

145 2408 266 2474 portam
293 2389 463 2471 Esquilinam
489 2390 642 2472 abjecisti3
666 2388 794 2459 indicasti
812 2390 832 2460 ,³

146 2491 211 2533 non
226 2470 316 2527 modb
331 2470 509 2550 amplissimae
519 2516 528 2541 ‚
538 2469 589 2529 sed
602 2472 688 2529 eriam
701 2470 832 2528 minima·

145 2549 228 2613 laudi
243 2548 369 2606 lauream
390 2548 567 2608 concessisse.
594 2548 692 2627 Atqu'e
707 2547 757 2606 ista
776 2568 831 2617 ra-¹

146 2627 307 2692 tionelroc
323 2628 425 2687 tamen
433 2629 549 2709 intelligi
561 2672 570 2699 ‚
588 2625 722 2686 scelerate
731 2652 746 2696 ‚·
760 2629 803 2687 vis
814 2643 832 2704 ,¹
894 2649 896 2654 ·

147 2709 324 2786 Pompeium
341 2709 485 2766 inimicum
504 2708 580 2766 mihi·
594 2705 647 2765 isto
665 2706 745 2767 ve'rsu
768 2706 832 2772 effe·

148 2788 277 2858 fallum3
296 2802 352 2859 ut,
374 2790 397 2845 si
415 2787 509 2848 versus
528 2787 598 2846 mihi
616 2789 745 2848 nocuerit
758 2833 767 2860 ‚
780 2788 823 2850 'ab

148 2891 210 2941 eo,
230 2886 317 2946 quem
339 2869 362 2924 is
384 2866 479 2928 versus
497 2865 672 2939 offenderit,
694 2868 826 3009 §deartu-

203 2952 303 3009 Tamus
323 2949 381 3009 VI.
