2117 3942
244 346 341 417 Pro
365 346 437 418 Cn.
463 319 700 420 PnAncross
747 366 826 444 545

141 476 205 537 tarn
215 462 333 536 niearn,
348 483 411 543 qnae
428 460 569 524 fidelitate
585 464 829 525 amicnrumcon:

140 543 257 604 servata
275 545 330 616 sit,
346 545 526 604 inimicorum
537 544 678 605 modestid
694 565 754 605 nun
770 542 828 606 effe

141 644 180 703 ap
203 624 316 682 tritam.
335 660 363 678 ,-.

141 740 146 747 -
218 701 293 761 XX.
307 701 506 782 Respondebo
516 704 569 762 tibi
581 723 657 762 nuuc
669 748 678 776 ,
691 703 827 767 Lateren-

140 784 200 855 sis,
219 784 313 842 minirs
324 780 441 842 forraffe
455 782 646 843 vehementer
655 827 665 854 ‚
675 784 761 864 quim
772 786 825 847 aba

140 879 172 922 te
184 861 248 923 sum
265 880 460 942 provocatus;
479 861 527 923 sed
541 863 673 944 profedb
686 884 739 925 nec
754 886 826 925 con·

140 942 269 1002 siderate
288 945 400 1015 minius,
421 963 475 1004 nec
501 946 595 1004 minits
613 944 732 1003 amice:
760 964 840 1007 nam,

163 1024 270 1082 rimirrn
290 1023 360 1082 iliud
380 1021 433 1083 fuit
456 1022 598 1103 asperius,
617 1044 686 1095 me,
706 1044 769 1104 quae
790 1024 828 1085 de

139 1044 262 1163 ilancio
291 1102 446 1174 dicerem,
474 1106 608 1176 mentiri,
630 1105 662 1162 &
689 1104 828 1183 temporit

141 1181 229 1243 causi
244 1180 365 1263 fingere.
384 1183 498 1243 Scilicet
513 1185 604 1243 homo
615 1182 725 1262 sapiens
737 1203 828 1244 exco-

141 1263 251 1354 gitavi,
261 1263 450 1342 quamobrem
465 1263 581 1324 viderer
594 1265 724 1322 maximis
734 1264 827 1324 bene·

138 1344 203 1403 hcii
214 1343 338 1403 vinculis
353 1342 521 1415 obstricius‚
536 1344 626 1425 quum
636 1344 709 1402 liber
722 1342 828 1417 essem,

140 1423 174 1483 ἃ
194 1421 314 1483 solutus.
343 1423 426 1503 Quid
445 1424 543 1485 enim?
571 1425 640 1484 mihi
663 1423 700 1483 ad
722 1421 829 1483 defen·

142 1502 272 1563 dendum
293 1502 440 1564 Plancium
468 1526 569 1585 pamm
588 1504 706 1577 multae,
725 1523 829 1585 parum

139 1579 220 1662 justae
251 1582 475 1643 necessitudines
501 1602 582 1644 erant
608 1584 827 1656 familiaritatis,

140 1663 321 1736 vicinitatis,
347 1665 435 1741 patris
459 1664 614 1722 amicitiai
640 1685 704 1744 quae
724 1667 748 1723 si
765 1684 827 1724 non

140 1742 252 1815 effent,
271 1762 412 1812 vererer,
428 1743 542 1813 credo,
562 1763 600 1802 ne
611 1745 732 1822 turpiter
748 1742 827 1804 face·

139 1843 228 1893 rem,
249 1823 272 1881 si
292 1821 350 1881 hoc
376 1820 531 1900 splendore
556 1822 589 1881 &
612 1822 664 1881 hac
689 1823 827 1901 dignitate

139 1903 293 1962 hominem
313 1900 526 1961 defenderem:
546 1899 682 1982 fingenda
691 1900 744 1960 fuit
756 1903 828 1964 mihi

139 1981 281 2047 ,videlicet
294 1979 374 2040 causa
387 1997 542 2062 peracuta,
554 1996 586 2040 ut
597 1984 623 2040 ei
634 2026 643 2055 ,
656 2001 743 2061 quem
756 1982 826 2041 mihi

139 2062 252 2123 debere
272 2076 444 2139 oporteret,
462 2080 519 2140 ego
538 2081 586 2121 me
601 2063 698 2121 omnia
716 2060 826 2123 debere

138 2143 282 2201 dicerem.
302 2138 345 2198 At
363 2140 394 2199 id
411 2144 498 2200 etiam
518 2144 638 2224 gregarii
658 2141 763 2202 milites
779 2139 825 2203 fa-

139 2225 222 2282 ciunt
248 2220 351 2290 inviti,
372 2237 402 2280 ut
423 2241 563 2280 coronam
588 2221 657 2282 dent
680 2223 824 2298 civicam,

140 2303 174 2364 &
198 2299 228 2359 se
249 2299 284 2359 ab
311 2300 408 2381 aliquo
429 2300 558 2361 servatos
581 2301 637 2364 effe
655 2302 822 2364 fateantur:

140 2401 201 2442 non
222 2381 280 2460 qud
304 2395 388 2460 turpe
413 2385 471 2455 sit,
495 2384 659 2462 protedum
683 2387 712 2441 in
741 2385 825 2454 acie,

140 2459 264 2521 hostium
283 2461 415 2519 manibus
432 2462 526 2538 etipi;
543 2482 612 2520 nam
629 2461 659 2519 id
677 2460 825 2532 accidere,

141 2544 194 2601 nisi
209 2540 277 2599 forti
290 2540 376 2611 viro,
395 2539 427 2598 ὃ(
445 2540 586 2619 pugnanti
602 2540 749 2609 corninus,
761 2559 824 2600 nou

140 2618 256 2701 potest:
279 2617 328 2679 sed
353 2638 426 2678 onus
451 2616 585 2679 beneficii
608 2616 823 2693 reformidant,

141 2700 219 2781 quud
231 2718 421 2780 permagnum
430 2696 489 2770 est,
504 2697 600 2760 alieno
614 2696 823 2775 debereidenr,
891 2771 900 2780 .

141 2781 222 2862 quod
242 2781 364 2861 parenti.
702 2814 726 2831 .-

181 2877 233 2940 73.
250 2858 337 2944 Ego,
356 2877 443 2944 quum
464 2859 554 2921 ceteri
573 2877 644 2923 veta
660 2856 822 2934 beneficia,
