2117 3942
258 377 337 475 ¹336
481 374 704 443 Outrro

259 492 423 572 sequuntur.
443 485 490 546 'lta
511 507 547 547 ue
570 488 601 546 &
620 485 721 546 adsunt
739 485 889 566 principes
910 487 950 545 ci·v

259 573 380 639 vitatis,
406 567 437 627 &
459 509 620 627 delendum
637 587 645 625 t
664 587 789 639 amore,
815 583 849 625 ut
867 563 947 628 suum

256 653 358 710 civem
375 667 385 720 3
402 645 587 719 testimonio,
606 663 637 705 ut
651 645 780 705 nostrum
795 666 805 718 ;
823 644 947 719 officio,

261 747 294 790 ut
311 750 347 789 ex
361 727 541 786 nobilissimo
555 728 611 786 civi
628 726 835 785 sandissimum
851 726 946 806 hospi·

231 860 234 866 .
260 828 322 870 tem
340 831 349 881 ;
367 805 478 878 sludio,
499 825 530 866 ut
544 807 793 944 diligentissimum
812 806 948 867 defenso·

262 910 326 950 rem
344 887 570 948 commodorum
601 907 713 945 uorum.

196 984 209 996 ⁸
257 1026 260 1030 Α
302 989 353 1042 44.
373 967 442 1039 Ac,
462 988 500 1026 ne
516 968 571 1046 ipsi
587 965 724 1026 Gaditani
748 965 947 1040 arbitrentur,

253 1067 438 1131 quamquam
455 1047 535 1106 nullo
558 1046 749 1106 incommodo
767 1044 945 1120 afficiantur,

264 1133 288 1189 si
308 1130 392 1188 liceat
407 1147 506 1188 eorum
522 1129 601 1186 cives
616 1129 728 1188 virtutis
739 1127 826 1186 causi
836 1129 866 1186 iu
879 1147 945 1187 nos·

265 1226 339 1268 tram
357 1210 501 1266 civitatem
515 1210 635 1281 venire,
649 1223 746 1266 tamen
760 1208 819 1266 hoc
831 1206 892 1287 ipso
905 1208 946 1265 in·

260 1289 353 1349 ¹serius
366 1285 421 1346 elle
439 1284 517 1347 suum
532 1286 625 1346 foedus
635 1331 645 1360 ,
655 1286 743 1367 quam
759 1303 942 1358 ceterorum,

264 1367 436 1427 consolabor
461 1367 568 1425 &hos
590 1366 743 1446 praesentes
765 1369 847 1427 viros
868 1368 944 1446 opti·

258 1469 350 1516 mos,
371 1447 401 1505 &
419 1447 497 1505 illam
514 1445 709 1506 fidelissimam
726 1461 814 1526 atque
834 1447 945 1507 amicis·
986 1501 987 1505 ,

248 1530 365 1586 simam
387 1527 470 1585 nobis
496 1529 669 1586 civitatem:
694 1528 778 1586 simul
805 1527 838 1586 &
859 1547 943 1597 vos,
985 1556 987 1587 ε

255 1627 324 1666 ‚nou
340 1609 504 1686 ignorantes
516 1651 525 1679 ,
535 1606 550 1666 J
553 1606 667 1678 udices,
686 1607 876 1680 admonebo,
888 1626 944 1687 quo

256 1686 300 1746 -de
312 1684 373 1764 jure
383 1686 439 1745 hoc
450 1684 587 1764 judicium
598 1685 780 1746 constitutum
793 1687 847 1760 sit,
859 1687 897 1747 de
908 1706 943 1745 eo
982 1714 987 1749 r

264 1787 421 1846 numquam
446 1770 566 1827 omnino
587 1765 643 1827 elle
666 1767 838 1825 dubitatum.
859 1766 943 1845 Quos

264 1849 347 1928 igitur
380 1847 615 1925 prudentissimos
645 1846 819 1926 interpretes
851 1845 943 1906 soede-
978 1906 987 1933 ἶ

263 1941 348 1998 tum,
362 1947 434 2006 quos
451 1930 636 2006 peritissimos
650 1927 747 1986 bellici
764 1924 833 2004 juris
848 1972 859 1999 ,
873 1947 942 2007 quos
980 1956 987 1969 ·

256 2007 497 2088 diligentissimos
517 2011 546 2066 in
566 2006 746 2087 exquirendis
766 2005 942 2066 conditioni-

264 2088 323 2145 bus'
340 2088 484 2146 civitatum
503 2104 588 2166 atque
608 2089 720 2159 causis,
737 2078 801 2146 'elle
827 2087 942 2146 arbitra·

265 2166 352 2224 mur?
371 2186 422 2226 eos
444 2166 576 2246 profesib
594 2210 603 2240 ,
624 2169 671 2248 qui
687 2163 748 2246 jam
768 2169 891 2248 imperia
911 2186 940 2226 ac

264 2244 342 2304 bella
383 2244 513 2305 efferunt.

305 2322 334 2381 X
373 2366 380 2380 .
398 2324 532 2398 Etenim,
544 2327 567 2384 si
579 2325 621 2403 Q.
634 2323 765 2385 Scaevola
779 2325 827 2386 ille
840 2335 941 2407 augur,

266 2422 354 2482 quum
379 2403 416 2461 de
439 2402 500 2481 jure
518 2406 701 2484 praediatorio
728 2404 938 2476 consuleretur,

265 2484 358 2557 homo
373 2480 441 2562 jutis
461 2488 666 2563 peritissimus,
683 2483 862 2546 consultores
880 2484 938 2545 suos
984 2522 987 2551 z

257 2584 482 2643 :nonnumquam
500 2566 536 2624 ad
558 2565 673 2624 Furium
694 2565 724 2623 &
745 2562 937 2634 Cascellium,
980 2600 987 2637 ι,

267 2644 479 2722 praediatores,
499 2644 668 2723 rejiciebat:
693 2647 716 2702 si
736 2665 790 2704 nos
811 2645 849 2706 de
871 2662 938 2725 aqua
974 2678 987 2717 Ξ

267 2722 362 2782 nostra
389 2723 550 2785 Tusculana
581 2724 627 2783 M.
655 2723 822 2804 Tugionem
848 2726 938 2806 potins
968 2756 971 2761 ·

266 2802 353 2879 quim
372 2802 409 2863 C.
425 2804 590 2884 Aquilium,
609 2803 847 2876 consulebamus,
866 2801 939 2886 qubd
963 2842 987 2875 ς

258 2882 392 2944 assiduus
411 2883 499 2961 usus,
520 2889 568 2947 uui
585 2885 627 2945 rei
645 2884 784 2960 deditus,
808 2886 844 2947 δι·
863 2887 946 2971 ἱηςε-Ι
954 2918 987 2961 ‚2
