2117 3942
194 365 277 461 '196
359 384 361 389 ⁴
420 358 647 432 O'RArto
728 355 735 366 ’

194 500 283 563 gnum
297 472 468 558 firmumque
486 477 658 537 subsidium:
676 474 771 537 habeo
789 497 881 559 quem

184 577 346 640 ‘opponam
357 557 415 616 labi
426 558 467 617 illi
480 574 566 638 atque
583 577 686 616 coeno:
698 557 800 630 vultu,
816 567 884 618 me'·

194 640 259 698 dius
280 635 383 710 fidius,
406 638 481 697 colle
502 659 526 696 ae
545 636 585 695 sui
605 636 753 696 libidinem
771 638 881 697 levita-

187 722 314 797 'temque
329 715 443 796 franget
459 737 466 775 :
483 657 606 776 srabebit
625 715 737 775 senatus
752 717 781 775 in
802 717 881 777 huni:

187 817 302 859 «annum
319 815 408 874 quem
420 795 569 877 sequatur:
588 816 648 854 non
668 795 760 854 deerit
778 796 880 857 audioi

141 933 145 938 .
196 877 229 937 δι
247 876 305 934 dux
319 876 404 952 bonis
417 896 424 934 ε
439 876 509 934 mihi
523 875 646 955 denique
660 875 794 935 homines
802 890 881 956 prae'·

185 956 278 1037 eipue
302 955 542 1036 gratulabantur,
563 955 643 1035 qubd
661 955 806 1013 habiturus
830 955 879 1016 esa·

187 1035 256 1096 'sem
277 1050 376 1095 contra
400 1036 546 1095 tribunum
570 1034 662 1114 plebis
683 1033 821 1094 furiosum
845 1035 880 1096 δι

193 1116 357 1188 audacem,
373 1135 461 1195 quum
476 1117 601 1174 amicum
615 1115 646 1174 &
663 1112 800 1188 affinem,
814 1131 877 1174 tum

193 1197 284 1258 etiam
302 1195 409 1255 sortem
427 1196 598 1275 &gravem
618 1192 775 1254 consulem.
813 1201 816 1204 ’
866 1211 868 1214 ’

192 1312 194 1316 =
234 1274 296 1335 lx.
319 1275 418 1356 Atque
439 1294 543 1334 eorum
564 1275 635 1334 alter
649 1272 877 1343 -fefellitnemia

192 1373 284 1416 nem:
303 1356 366 1434 quis
385 1357 463 1413 enim
480 1354 594 1412 clavum
611 1356 682 1412 tanti
703 1355 815 1434 imperii
831 1371 877 1414 te·

188 1454 264 1494 nere
282 1477 291 1506 ‚
312 1434 344 1492 &
362 1433 554 1514 gubernacula
575 1434 739 1514 reipublicae
755 1433 878 1495 tradere

191 1514 362 1590 inmaximo
375 1512 454 1572 cursu
475 1534 508 1572 ac
522 1513 652 1572 fludlibus
663 1511 742 1593 posse
754 1513 878 1573 arbitra'·

184 1611 271 1652 ¹retur
288 1592 437 1653 hominem
451 1591 594 1653 emersum
609 1592 701 1652 subitd
719 1611 755 1653 ex
769 1593 879 1653 diutur-

191 1674 236 1732 nis
254 1672 382 1732 tenebris
398 1671 550 1733 lustrorum
572 1694 604 1732 ac
623 1672 808 1752 stuprorum?
829 1676 878 1733 vi>-

188 1772 254 1824 no,
271 1750 388 1832 ganeis',
402 1753 572 1825 lenociniis,
585 1751 783 1832 adulteriisque
801 1774 877 1813 con-

144 1892 146 1897 .
191 1830 320 1892 fedum?
338 1853 425 1912 quum
438 1836 460 1892 is
475 1849 577 1913 praeter
595 1832 675 1912 spem
693 1835 721 1890 in
734 1833 875 1894 altissimo

188 1911 284 1992 gradu
301 1912 397 1972 alienis
411 1914 515 1994 opibus
528 1915 638 1992 positus
649 1910 717 1971 esset
729 1956 738 1984 ‚
751 1915 800 1993 qui
813 1933 875 1973 non

188 1991 284 2052 modb
308 1991 509 2073 tempestatem
531 1992 749 2073 impendentem
769 1991 874 2052 intueri

187 2071 387 2143 temulentus,
406 2072 455 2132 sed
473 2092 510 2132 ne
533 2073 626 2132 lucem
639 2071 759 2153 quidem
774 2071 876 2133 insoli-

186 2162 249 2208 tam
265 2148 319 2208 ads
335 2153 410 2210 icere
428 2150 547 2230 posset?

232 2245 281 2284 21.
333 2229 388 2287 lter
402 2228 508 2288 multos
527 2229 613 2308 plane
630 2233 659 2288 in
678 2248 782 2289 omnes
804 2251 874 2311 par·

89 2333 92 2340 ¹
188 2320 234 2365 tes
247 2303 365 2364 fefellit:
381 2324 442 2366 erat
455 2309 532 2367 enim
548 2309 697 2367 hominnm
709 2312 873 2387 opinione,

186 2385 342 2446 mobilitate
366 2386 456 2466 ipsd‚
481 2387 587 2445 blandi
613 2388 837 2449 conciliatriculd
861 2422 872 2464 's

188 2464 421 2526 commendatus.
440 2465 555 2527 Omnes
571 2468 642 2526 boni
656 2468 768 2548 semper
787 2470 874 2530 nobi·

184 2546 260 2606 litati
280 2544 430 2620 favemus,
452 2548 483 2606 &
503 2548 569 2628 quia
588 2547 656 2607 utile
674 2546 715 2606 est
733 2550 873 2626 reipubli·
912 2591 918 2624 4

184 2642 249 2698 tae,
268 2625 381 2685 nobiles
400 2627 533 2687 homines
552 2625 609 2687 elle
623 2628 726 2707 dignos
749 2628 873 2705 majori-

183 2705 241 2762 bus
258 2703 312 2764 suis
322 2734 334 2778 ,·
348 2706 379 2767 &
393 2710 458 2786 quia
474 2709 551 2768 valet
565 2707 641 2788 apud
657 2728 711 2767 nos
727 2707 871 2767 clarorum

185 2782 358 2857 bominum,
378 2787 409 2845 ὃ(
430 2787 506 2847 bene
524 2788 562 2847 de
581 2787 726 2867 republica
745 2789 872 2846 merito·

180 2880 251 2922 ¹rum
272 2869 440 2941 memoria,
462 2869 549 2929 etiam
568 2884 760 2930 mortuorum.
788 2866 871 2949 Quie
