2117 3942
259 377 338 475 '406
406 410 426 451 ,f
484 374 707 444 on‘urro
783 390 787 395 ·

257 515 326 557 nem
343 492 444 554 durum
462 512 495 551 ac
510 510 589 572 pene
606 486 748 571 agrestem
760 507 768 546 t
781 506 818 550 ex
830 485 876 549 his
888 486 946 573 igi·'

258 592 305 635 tur
322 577 375 633 tuis
399 572 507 632 sumam
531 573 685 652 aliquem,
706 590 740 628 ac
758 571 945 649 potissimum

258 656 409 715 minimum
426 652 568 725 fratrem,
585 653 635 732 qui
655 646 696 708 est
714 651 744 708 in
762 647 817 710 isto
836 668 946 732 genere·

256 735 479 795 urbanissimus:
492 735 542 812 qui
556 749 586 791 te
600 747 676 790 amat
691 730 864 809 plurimum:
875 733 946 813 qui,
985 734 987 740 '

257 831 380 896 propter
394 813 490 874 nescio
506 832 610 894 quam,
620 810 947 885 credo,timiditatem,

259 895 294 956 &
309 894 464 954 not'turnos
480 892 621 976 quosdam
638 895 738 950 inanes
756 908 853 952 metus
869 936 878 965 ‚
895 909 946 955 te·

259 996 327 1037 cum
341 974 453 1055 semper
465 976 549 1055 pusio
567 993 633 1033 cum
649 969 760 1049 majore
778 971 879 1034 sorore
895 994 948 1033 cu·

259 1056 365 1116 bitavit
385 1077 392 1113 ι
411 1076 478 1118 eum
498 1070 601 1135 putato
620 1072 718 1115 tecum
736 1051 840 1132 loqui:
861 1052 946 1132 Quid

261 1135 466 1208 tumultuaris,
485 1133 590 1194 soror?
609 1132 679 1214 quid
700 1130 829 1193 insanis?
852 1133 947 1214 quid,

262 1215 391 1277 clamore
408 1214 528 1287 exorsa,
545 1213 641 1274 verbis
659 1234 781 1292 parvam
797 1233 858 1273 rem
875 1233 944 1275 ma-

285 1315 351 1354 nant
370 1294 465 1356 facis?
484 1297 610 1356 vicinum
629 1293 877 1354 adolescentulum
894 1293 946 1354 ad·

262 1315 374 1455 {rexisti
389 1396 396 1434 ε
414 1376 525 1436 candor
542 1373 627 1452 hujus
645 1390 697 1446 te,
717 1375 750 1433 δι
767 1376 945 1454 proceritas,

261 1455 380 1527 vultus,
398 1457 536 1536 oculique
580 1454 732 1535 epulerunt
750 1475 758 1513 ε
781 1454 881 1536 saepius
898 1457 948 1516 vi-

262 1533 333 1594 dere
357 1534 493 1596 voluisti:
509 1477 583 1596 fuid
603 1555 824 1615 nonnumquam
845 1539 875 1596 in
894 1539 947 1598 iis-

262 1614 333 1675 dem
353 1615 444 1675 hortis
465 1615 524 1677 visa
547 1616 651 1677 nobilis
670 1616 792 1677 mulier:
806 1615 888 1677 illum
907 1615 949 1677 fi-

261 1693 334 1754 lium
352 1693 472 1759 [amitus
492 1713 575 1777 patre
597 1717 685 1776 parco
704 1717 737 1756 ac
757 1699 875 1771 tenaci,
894 1698 948 1759 hu·

261 1774 334 1841 bere
345 1779 400 1836 tuis
412 1779 505 1855 copiis
517 1776 683 1838 devindum
696 1798 757 1841 non
769 1793 857 1858 potes
869 1799 877 1838 τ
891 1778 949 1838 cal·

264 1858 369 1929 citrat,
389 1856 518 1996 tepidi,
543 1878 603 1919 non
622 1873 704 1938 putat
721 1875 770 1916 tua
790 1857 870 1918 dona
890 1856 950 1919 effe

263 1939 354 1996 tanti:
366 1958 422 1998 con
437 1958 468 1997 er
483 1954 513 1998 re
528 1938 605 1999 alio:
620 1939 709 1997 habes
723 1937 827 1998 hortos
843 1937 880 1998 ad
896 1937 949 1999 Ti·

262 2016 379 2088 berim3
397 2038 431 2076 ac
448 2018 600 2100 diligenter
618 2038 657 2078 eo
676 2018 744 2078 loco
765 2016 948 2099 praeparasti,

263 2098 323 2176 quir
341 2099 435 2157 omnis
451 2095 589 2174 juventus
606 2098 830 2158 natandi'causir
844 2100 946 2160 venir:

263 2175 331 2235 hinc
347 2177 414 2238 licet
434 2178 618 2240 conditiones
636 2178 767 2259 quotidie
784 2178 885 2261 legas:
899 2199 948 2241 cur

263 2254 351 2328 huic,
368 2260 460 2394 quite
476 2256 603 2338 spernit,
617 2256 739 2320 molesta
757 2258 812 2319 es?
831 2296 833 2301 ·

305 2334 371 2395 XV
393 2378 402 2395 .
423 2335 528 2398 Redeo
549 2360 625 2399 nunc
644 2338 681 2399 ad
706 2356 736 2399 te
752 2383 762 2412 ,
780 2335 880 2412 Coeli,
900 2339 948 2399 vi·

263 2416 380 2488 eissim,
395 2437 429 2476 ac
446 2418 516 2477 mihi
533 2417 734 2497 auiioritarem
750 2420 893 2498 patriam,
904 2418 949 2481 se·

263 2499 472 2578 veritatemque
491 2496 609 2579 suscipio
630 2518 638 2558 ε
661 2498 711 2560 sed
734 2499 837 2561 dubito
858 2518 945 2580 quem

263 2594 377 2658 patrem
395 2581 575 2657 potissimum
595 2578 724 2651 sumam3
739 2577 947 2661 (lucilianum-

265 2678 304 2718 ne
321 2659 469 2738 aliquem,
488 2659 696 2721 vehementem
713 2675 801 2740 atque
820 2658 944 2721 durumi

265 2739 351 2797 Nunc
363 2741 431 2798 enim
445 2742 548 2798 demum
560 2742 626 2801 milri
641 2742 750 2801 animur
763 2742 861 2814 arder,
876 2759 944 2801 nunc

266 2835 350 2876 meum
369 2841 414 2879 cor
434 2822 589 2882 cumulatur
610 2819 771 2881 ird...Aut
789 2820 899 2896 illum,
918 2821 943 2881 0

265 2894 382 2973 infelix,
396 2899 412 2961 ὅ
418 2899 679 2981 sceleste...l²errei
688 2899 752 2965 sunt
764 2898 808 2963 isti
818 2919 943 2984 patrer-r
