2117 3942
149 369 227 467 556
370 367 596 438 oram

149 490 229 546 cives
249 479 369 542 interfici
392 480 505 554 uoluit,
523 482 578 554 δι,
597 499 637 540 ne
656 483 720 562 quis
737 482 828 549 bouus,

150 565 279 625 interiret
294 561 446 622 iueadem
466 561 569 633 caede,
586 563 719 640 providit
733 583 741 622 ι
755 584 828 644 ego,

152 647 239 705 tantis
255 642 388 723 periculis
406 643 584 722 propositis,
604 661 694 721 quum
709 645 734 701 si
745 644 830 703 villus

152 720 259 796 ellem,
278 724 409 780 interitus
431 721 615 801 reipublicae3
636 723 661 780 si
687 721 830 796 vicillem,

151 801 261 864 infinita
272 801 418 861 dimicatio
433 817 577 881 pararetur
586 808 601 872 3'
609 805 832 877 committerem,

152 900 184 944 ut
210 882 289 945 idern
311 881 440 961 perditor
465 881 629 961 reipublicae
650 886 832 958 nominarer,

154 964 204 1046 qui
222 961 351 1023 servator
373 959 503 1021 fuillem?

195 1039 380 1103 XXXVII.
401 1040 534 1100 Mortem
553 1060 601 1100 me
615 1037 740 1102 timuisse
760 1043 833 1102 dicis.

155 1121 222 1205 Ego
233 1123 305 1182 verb
322 1140 359 1182 ue
375 1122 624 1181 immortalitatem
636 1123 759 1201 quidem
771 1146 834 1190 con<

155 1221 201 1265 tra
226 1201 432 1282 rempublicam
455 1201 654 1281 accipiendam
686 1222 834 1281 putarem,

155 1283 265 1343 nedum
275 1284 368 1343 emori
378 1302 444 1341 cum
458 1283 582 1362 pernicie
595 1282 766 1361 reipublicae
778 1284 835 1343 vel·

156 1363 235 1424 lem:
253 1382 339 1434 nam,
360 1365 409 1441 qui
428 1382 481 1442 pro
502 1361 650 1441 republica
668 1365 763 1422 vitam
783 1363 835 1430 edif

156 1443 262 1503 derunt
275 1440 288 1522 (
299 1442 365 1501 licet
383 1460 430 1500 me
454 1441 585 1522 desipere
612 1441 740 1524 dicatis)
756 1463 834 1503 num·

159 1543 245 1604 quam
272 1519 437 1580 mehercule
466 1540 518 1580 eos
552 1537 681 1580 mortem
715 1527 832 1602 potius,

156 1601 244 1684 quim
252 1600 497 1661 immortalitatem
505 1599 645 1662 allecutos
654 1607 769 1682 putavi.
779 1602 834 1683 Ego

158 1683 251 1755 verb,
271 1682 294 1740 si
313 1699 375 1741 tum
394 1681 511 1742 illorum
535 1684 692 1760 impiorum
712 1682 788 1743 ferro
805 1702 835 1748 ac

159 1784 248 1824 manu
272 1759 474 1833 concidillem‚
493 1763 523 1820 in
547 1778 725 1841 perpetuum
747 1761 835 1842 respu-

160 1844 235 1903 blica
246 1840 330 1902 civile
349 1842 511 1921 praesidium
526 1839 619 1900 salutis
634 1839 692 1901 suae
704 1843 834 1922 perdidis-

125 1989 136 1996 ,
162 1942 218 1984 set.
237 1923 318 2002 Quin
335 1923 443 1996 etiam,
461 1923 484 1980 si
500 1942 549 1980 me
565 1922 609 1980 vis
623 1921 720 2002 aliqua
738 1924 833 1993 morbi,

163 2020 216 2069 aut
230 2020 327 2063 natura
344 2000 402 2082 ipsa
420 1999 653 2081 consumpsillet‚
674 2020 775 2064 tamen
790 2023 835 2062 au·

163 2084 229 2143 xilia
255 2080 425 2162 posteritatis
450 2079 539 2142 ellent
566 2083 741 2156 imminuta,
766 2080 836 2223 rprbd

162 2179 346 2240 peremptum
361 2160 430 2221 ellet
443 2162 509 2221 mei
520 2177 614 2221 morte
625 2162 655 2220 id
666 2183 753 2224 exem
784 2183 836 2234 um,

164 2241 254 2320 qualis
273 2241 384 2300 futurus
400 2245 429 2299 iu
446 2261 493 2302 me
512 2241 666 2300 retinendo
692 2186 782 2302 fallit
795 2242 835 2301 se·

163 2336 262 2393 natus,
276 2319 455 2398 populusque
472 2320 632 2381 Romanus.
652 2320 706 2382 An
720 2367 730 2396 ‚
744 2325 766 2380 si
777 2341 834 2378 um·

165 2421 252 2484 quam
273 2402 368 2463 inme
395 2402 462 2458 vitae
485 2400 624 2480 cupiditas
650 2401 762 2475 fuisset,
782 2420 834 2481 ego

164 2480 262 2542 mense
273 2477 433 2547 Decembri
445 2483 503 2541 mei
515 2479 699 2555 consulatus,
717 2483 839 2542 omnium

165 2561 365 2643 parricidarum
393 2560 452 2620 tela
475 2559 691 2620 commbllem?
721 2583 802 2643 quae,
820 2561 839 2618 si

164 2643 265 2721 viginti
283 2638 419 2720 quiellem
433 2640 513 2713 dies,
530 2642 558 2697 in
571 2641 696 2700 aliorum
715 2639 840 2723 jugulum

167 2721 314 2787 consulum
329 2718 497 2782 recidillent.
522 2718 749 2797 Quamobrem,
767 2725 789 2780 si
802 2723 842 2779 vi·

167 2817 204 2857 tae
221 2801 360 2878 cupiditas
377 2816 479 2860 contra
497 2800 706 2878 rempublicam
725 2800 767 2861 est
787 2820 841 2860 tur·

166 2881 230 2959 pis,
247 2881 324 2939 certe
338 2880 427 2942 multb
443 2881 543 2940 mortis
554 2881 694 2959 cupiditas
705 2901 773 2943 tneo
787 2899 844 2947 ture

165 2979 230 3044 pror
251 2956 343 3027 furser
358 2980 425 3035 cun}
442 2960 566 3055 Ρςῐιιίεἰς
587 2962 724 3057 civitatis.¹

137 3273 151 3321 p.
