2117 3942
272 370 372 442 Pro
399 372 477 442 Cn.
500 369 740 443 Pznncro.
781 387 858 468 559

170 484 290 546 tissimis
307 489 396 562 viris,
416 488 448 549 dt
465 489 495 547 in
512 486 566 547 hac
586 487 754 568 republica,
775 488 806 547 &
828 491 859 549 in

170 567 233 626 aliis
253 570 416 631 civitatibus
437 584 629 627 monumenta
649 568 736 628 nobis
757 569 860 630 litterae

170 646 365 728 prodiderunt
382 671 389 709 ς
411 668 471 708 non
486 646 600 726 semper
617 646 732 709 easdem
747 647 863 710 senten·

170 729 224 787 tias
245 728 283 787 ab
301 727 425 802 iisdem,
446 727 522 799 sed,
545 725 736 810 quascumque
757 731 859 811 reipu-

170 807 254 868 blica
274 805 383 881 status,
405 807 553 868 inclinatio
576 824 767 887 temporum,
784 811 860 870 ratio

170 889 338 948 concordia
379 886 541 963 ollulam,
564 885 621 948 elle
639 886 859 949 defendendas:

170 967 253 1050 quod
272 989 330 1062 ego
352 910 384 1029 dr
404 968 503 1040 facio,
521 967 711 1041 Laterensis,
731 968 763 1027 dt
781 967 861 1028 sem-

170 1069 225 1130 per
242 1046 369 1122 faciam3
392 1050 614 1128 libertatemque
630 1093 640 1121 ,
657 1068 744 1129 quam
761 1049 791 1108 in
810 1067 860 1110 me

170 1129 317 1209 requiris,
344 1149 431 1210 quam
457 1149 515 1210 ego
541 1147 638 1209 neque
667 1127 760 1186 dimisi
792 1149 860 1186 um-

171 1227 284 1289 quam,
302 1228 400 1291 neque
423 1207 588 1280 dimittam,
606 1226 666 1267 non
685 1209 713 1265 in
732 1210 862 1288 pertina-

171 1290 237 1357 cia,
251 1285 301 1346 sed
318 1291 349 1348 in
369 1288 495 1371 quadam
514 1287 717 1348 moderatione
734 1290 861 1368 positam

170 1367 295 1449 putabo.
861 1398 863 1403 ·

213 1446 288 1508 XL.
309 1446 396 1507 Nunc
417 1447 507 1509 venio
526 1446 564 1507 ad
586 1445 656 1507 illud
673 1462 861 1522 extremum,

170 1526 254 1608 quod
273 1526 363 1587 dixisti
374 1574 386 1598 ,
403 1527 474 1588 dum
491 1525 597 1589 Plancii
614 1530 644 1590 in
659 1548 709 1588 me
726 1530 861 1588 meritum

170 1608 270 1668 verbis
296 1608 493 1681 extollerem,
514 1628 563 1669 me
589 1628 685 1668 arcem
705 1608 802 1668 facere
822 1626 879 1668 escv

171 1688 298 1761 cloaca,
323 1688 509 1769 lapidemque
534 1709 551 1748 e
574 1686 704 1768 sepulcro
728 1691 862 1749 venerari
908 1718 911 1723 ·

170 1790 227 1849 pro
245 1767 325 1840 deo;
342 1788 438 1850 neque
454 1770 533 1828 enim
546 1768 616 1827 mihi
630 1767 794 1836 insidiarum
808 1789 862 1848 pe-

169 1848 294 1908 riculum
308 1849 416 1922 ullum,
432 1867 526 1932 neque
544 1851 645 1907 mortis
661 1845 750 1908 luille.
769 1846 863 1922 Cuius

171 1948 231 2011 ego
250 1932 390 2008 temporis
412 1931 556 1988 rationem
581 1927 733 2007 explicabo
754 1927 863 2002 brevi,

170 2027 270 2090 neque
284 2010 389 2069 invitus
401 2030 408 2067 ε
420 2007 490 2067 nihil
504 2009 584 2067 enim
596 2029 632 2067 ex
642 2009 715 2073 meis
729 2005 770 2068 est
782 2024 861 2068 tem-

170 2088 293 2170 poribus
308 2089 412 2169 ,quod
430 2089 523 2147 minirs
541 2104 752 2169 pervagatum,
764 2088 863 2168 quod·

171 2189 231 2253 que
249 2169 342 2228 minus
359 2186 406 2229 aut
423 2169 490 2230 mei
507 2169 789 2229 commemoratione
807 2189 862 2229 ce·

170 2249 317 2309 lebratum
334 2251 389 2322 sit,
405 2266 454 2310 auc
471 2249 637 2308 hominibus
655 2248 803 2322 auditum,
822 2267 863 2309 at·

170 2349 231 2410 que
244 2345 357 2388 notum.
374 2328 439 2411 Ego
455 2331 551 2402 enim,
563 2329 745 2403 Laterensis,
759 2351 795 2390 ex
807 2330 864 2394 illo·

170 2409 311 2470 incendio
326 2410 425 2491 legum
436 2455 445 2483 ,
460 2407 528 2492 juris
541 2455 551 2482 ‚
563 2409 676 2470 senariis
690 2454 699 2482 ‚
711 2411 860 2469 bonorum

170 2493 327 2563 omnium,
344 2491 475 2562 cedens,
491 2510 580 2568 quum
601 2508 667 2548 mea
686 2487 790 2547 domus
809 2509 860 2546 ar-

171 2570 248 2630 dore
268 2566 317 2630 suo
335 2569 576 2653 deflagrationem
592 2568 680 2640 urbi,
697 2584 784 2649 atque
799 2566 860 2631 Ita·'

169 2652 217 2710 liae
235 2651 292 2709 toti
308 2652 485 2724 minaretur,
503 2648 558 2708 nisi
614 2645 766 2722 iecissem,
786 2646 861 2711 Sici·

169 2730 243 2790 liam
257 2731 349 2809 petivi
362 2734 459 2792 animo
472 2775 482 2806 ,
495 2749 559 2810 quae
622 2726 680 2808 ipsa
694 2744 755 2788 erat
769 2732 839 2790 mihi
848 2777 861 2804 ‚

169 2813 245 2870 sicut
265 2809 371 2872 domus
388 2833 465 2884 una,
486 2806 639 2888 conjuniia
661 2828 670 2882 ;
694 2809 726 2870 &
742 2811 860 2874 obtine-

170 2891 256 2950 batur
274 2911 291 2950 a
308 2889 345 2950 C.
365 2892 489 2976 Virgilio
504 2935 513 2961 ‚
527 2910 653 2971 quocum
668 2909 717 2951 me
735 2913 793 2953 uno
809 2892 860 2953 vel
878 2906 882 2911 ’

170 2970 299 3034 mune
319 2991 409 3053 quum
426 2967 540 3038 vetusta
556 2971 701 3111 amicita,
718 2988 781 3066 tum
800 2971 861 3031 mei

697 3074 714 3112 a
728 3072 759 3112 iv
