2117 3942
231 348 331 507 '436
465 402 700 507 oraro

442 583 530 662 -Deest
543 557 720 688 principium

210 771 212 779 ⁴
250 756 276 819 1.
313 688 463 821 irum
485 753 934 832 vides‚beliua‚iamnesen·

250 842 307 911 tis,
321 860 384 919 quae
398 843 432 898 sit
445 841 598 900 hominum
611 837 727 918 querela
740 835 843 897 frontis
856 840 931 898 tuae?

251 939 342 978 nemo
361 923 487 1000 queritur
508 964 517 993 ,
538 918 645 999 Syrum
664 917 759 975 nescio
784 938 872 997 quem
895 920 932 979 de

253 1019 343 1080 grege
357 1003 553 1072 novitiorum,
569 997 674 1056 faiium
694 994 749 1055 esse
764 997 927 1058 consulem:

246 1100 316 1137 non
338 1081 415 1139 enim
429 1101 483 1140 nos
494 1079 575 1139 color
596 1076 646 1135 iste
662 1076 792 1150 servilis,
807 1098 867 1136 non
884 1081 932 1157 pi-

253 1158 321 1219 iosae
341 1179 448 1240 gente,
469 1180 529 1218 non
553 1158 654 1216 dentes
675 1156 782 1236 putridi
807 1157 930 1235 decepe-

253 1256 339 1298 runt:
354 1239 450 1311 oculi,
464 1237 631 1319 supercilia,
648 1235 748 1308 frons,
766 1237 859 1296 vultus
876 1237 931 1296 de-

252 1322 341 1398 nique
370 1336 477 1390 totus,
500 1320 549 1398 qui
569 1316 663 1376 sermo
688 1315 806 1396 quidam
830 1319 932 1375 tacitus

253 1399 360 1459 mentis
380 1397 440 1472 est,
463 1398 508 1456 hic
524 1401 554 1457 in
575 1395 704 1456 fraudem
723 1397 857 1456 homines
877 1399 933 1456 im·

254 1478 347 1558 pulit:
365 1477 412 1536 hic
425 1497 502 1550 eos,
519 1478 622 1558 quibus
640 1495 702 1536 eras
720 1477 860 1558 ignotus,
881 1476 934 1536 de-

248 1553 351 1636 repit,
370 1556 494 1629 fefellit,
506 1556 626 1616 induxit.
651 1555 737 1615 Pauci
758 1555 808 1616 ista
822 1574 871 1616 tua
890 1558 935 1616 lu·

252 1637 365 1696 tulenta
380 1639 449 1697 vitia
463 1656 659 1708 noveramus;
673 1638 756 1716 pauci
769 1636 934 1696 tarditatem

247 1718 362 1798 =ingenii
385 1761 395 1791 ‚
420 1715 595 1798 stuporem,
622 1716 856 1798 debilitatemque
878 1718 934 1775 lin-

256 1817 340 1878 guae:
365 1816 521 1878 numquam
539 1814 599 1857 erat
618 1795 713 1856 audita
724 1817 786 1856 vox
799 1799 826 1855 in
846 1795 933 1856 foro:

255 1898 414 1958 numquam
433 1877 591 1958 periculum
606 1875 710 1936 faOEIum
730 1877 859 1936 consilii:
874 1877 935 1936 nul·

256 1957 319 2017 lum
346 1979 406 2018 non
431 1958 522 2018 modi>
545 1954 676 2027 illustre,
697 1956 746 2016 sed
770 1977 808 2016 ne
831 1976 934 2016 notum

257 2037 376 2117 quidem
402 2037 508 2098 faiium
527 2055 575 2097 aut
600 2037 736 2108 militiae,
759 2054 807 2096 aut
830 2037 932 2095 domi:

245 2115 408 2196 'obrepsisti
429 2118 465 2176 ad
487 2119 613 2177 honores
636 2137 734 2176 errore
760 2117 935 2189 hominum,

257 2196 713 2257 commendatione·fumosatum
744 2197 902 2276 imaginum
926 2218 935 2269 3

256 2296 379 2355 quarum
404 2276 497 2336 simile
523 2276 612 2337 habes
630 2277 698 2337 nihil
721 2321 730 2350 ,
755 2294 861 2358 praeter
883 2298 936 2338 co-

256 2355 360 2416 lorem.

249 2478 251 2483 ·
303 2457 330 2497 2.
354 2434 382 2496 Is
397 2437 465 2497 mihi
483 2439 567 2498 etiam
582 2438 767 2519 gloriabitur,
786 2436 815 2497 se
835 2457 936 2497 omnes

248 2516 436 2600 ,magistratus
456 2520 516 2578 sine
537 2519 648 2598 repulsa
664 2518 847 2581 assecutum?
870 2518 936 2578 mihi

205 2621 207 2625 ·
259 2597 309 2658 ist'a
326 2599 392 2658 licet
409 2599 445 2658 de
463 2619 511 2659 me
523 2616 593 2658 vera
612 2619 676 2657 curn
695 2599 935 2681 gloria.praedica·

246 2696 311 2738 ‘ret
329 2697 431 2738 omnes
451 2683 529 2738 eninr
545 2678 672 2739 honores
688 2680 813 2759 populus
827 2678 934 2758 Roma·

244 2777 314 2815 ⁴nus
338 2758 407 2818 mihi
428 2760 517 2838 ipsi,
541 2759 651 2819 homini
679 2780 760 2819 novo
783 2802 795 2829 ,
826 2758 934 2818 detulit.

260 2833 358 2910 Nam,
375 2856 406 2896 tu
424 2859 511 2917 quum
530 2837 651 2919 quaestor
669 2859 700 2900 es
717 2837 829 2912 faiius,
852 2840 933 2898 etiam

260 2918 310 2997 qui
331 2934 359 2980 te
380 2938 536 2999 numquam
558 2919 691 2983 viderant
704 2926 718 2992 ',
739 2935 839 2980 tamen
859 2919 933 2978 illum
