2117 3942
267 391 346 465 504
436 395 441 403 ·
489 368 720 438 Onnrro

307 485 335 546 8.
358 484 544 564 Quamquam
560 483 628 544 nihil
644 502 731 562 potes
748 484 777 542 in
792 483 939 558 te,1.ate·‘

266 569 382 635 rensis,
408 562 608 636 constituere,
635 563 714 643 quod
737 565 773 622 sit
795 568 939 645 proprium

265 646 355 706 laudis
368 662 444 716 tuae,
464 645 532 724 quin
545 644 576 703 id
592 644 645 703 tibi
657 647 692 702 sit
707 642 868 705 'commune
880 665 939 704 cum

266 724 394 784 Plancio.
414 723 473 783 Sed
489 724 546 783 hoc
562 733 656 782 totuin
669 739 770 804 agetur
784 725 843 798 alio
856 725 937 784 loco:
975 748 976 757 ¹

265 826 342 864 nunc
359 806 470 863 tantiam
485 801 600 882 disputo
619 801 735 878 dejure
753 805 877 884 populi,
897 806 939 886 qui

265 886 297 944 &
315 882 432 964 potest,
457 882 579 944 &solet
600 903 822 963 nonnumquam
845 885 938 966 dignos

265 967 440 1044 praeterire,
461 983 544 1033 nec,
567 965 590 1021 si
614 985 630 1022 a
648 963 762 1042 populo
785 967 936 1044 praeteritus

266 1043 329 1115 est,
343 1064 430 1124 quem
448 1064 508 1102 non
528 1045 674 1124 oportuit,
692 1040 936 1118 ajudicibuscon·

266 1123 445 1184 demnandus
466 1121 531 1195 est,
554 1125 603 1202 qui
622 1125 787 1202 praeteritus
811 1145 872 1183 non
893 1121 933 1184 es.

265 1203 342 1263 Nam
359 1207 382 1262 si
398 1205 438 1261 ita
455 1201 545 1273 esset3
565 1203 644 1282 quod
671 1221 768 1282 patres
789 1205 869 1284 apud
882 1222 933 1263 ma·

263 1282 342 1363 jores
367 1281 479 1342 nostros
503 1301 604 1342 tenere
626 1303 686 1341 non
707 1301 890 1362 potuerunt,
907 1298 934 1342 ut

264 1361 482 1443 reprehensores
503 1359 593 1421 essent
612 1364 822 1434 comitiorum,
840 1365 869 1424 id
888 1364 936 1422 ha·

262 1444 365 1503 herent
377 1441 484 1520 judices
495 1462 504 1511 ;
517 1444 566 1502 vel
581 1442 660 1523 quod
677 1442 773 1502 multo
788 1447 874 1504 etiam
885 1445 937 1501 mi·

262 1527 314 1582 nus
333 1521 373 1581 est
390 1521 561 1579 ferendum:
578 1537 640 1580 tum
653 1524 732 1582 enim
749 1522 937 1605 magistratum

262 1623 322 1663 non
346 1601 463 1682 gerebat
489 1603 535 1673 is,
555 1603 603 1680 qui
626 1619 772 1682 ceperat,
804 1605 829 1662 si
851 1620 937 1684 patres

261 1681 391 1742 ausiores
411 1702 471 1740 non
487 1699 568 1740 erant
584 1681 649 1741 fasii
664 1703 674 1754 3
691 1703 769 1742 nunc
789 1682 936 1764 postulatur

263 1784 280 1822 a
298 1761 406 1834 vobis,
430 1778 460 1821 ut
475 1759 538 1838 ejus
552 1762 672 1835 exsilio,
687 1763 738 1841 qui
758 1781 872 1823 creatus
887 1765 935 1834 sit,

260 1839 398 1922 judicium
430 1843 531 1920 populi
556 1840 681 1901 Romani
710 1842 934 1920 reprehendatis.

264 1921 364 2001 Itaque
381 1941 574 2002 quamquam,
592 1924 648 2000 qui
660 1921 761 1992 nolui,
778 1919 866 1998 jannai
882 1921 934 1980 sum

262 1999 397 2082 ingressus
413 2003 444 2058 in
461 2001 589 2072 causam,
603 2000 716 2081 sperare
735 2002 862 2075 videor,
880 2019 933 2060 tan·

262 2099 324 2140 tum
337 2081 497 2140 abfuturam
507 2079 563 2140 esse
574 2084 736 2141 orationem
748 2101 848 2141 meam
859 2105 875 2140 a
888 2084 934 2140 mi·
975 2118 976 2123 κ

261 2164 339 2219 nima
355 2160 511 2240 suspicione
527 2157 693 2220 offensionis
707 2179 789 2232 tuae,
805 2178 837 2221 te
847 2179 878 2221 ut
888 2183 934 2241 po·

261 2240 317 2296 ciits
334 2238 505 2317 objurgem,
518 2240 597 2317 quod
607 2242 735 2319 iniquum
751 2241 781 2297 in
794 2241 934 2300 discrimen

261 2317 384 2376 adducas
412 2319 578 2396 dignitatem
596 2336 695 2391 tuam,
714 2319 806 2400 quim
831 2339 862 2379 ut
884 2341 934 2402 ego

263 2418 328 2458 eam
349 2396 404 2457 ulli
425 2397 600 2456 contumelia
617 2418 706 2458 coner
726 2403 880 2480 attingere.

277 2476 365 2560 Ἰγ.
386 2473 433 2535 Tu
453 2478 679 2550 continentiam,
702 2496 733 2537 tu
751 2479 932 2549 industriam,

261 2574 293 2617 tu
309 2560 434 2617 animum
449 2557 478 2614 in
495 2560 721 2635 rempublicam,
737 2576 770 2616 tu
787 2561 932 2628 virtutem,

261 2655 293 2701 tu
310 2639 520 2708 innocentiam,
534 2654 563 2695 tu
575 2636 682 2710 fidem,
692 2656 723 2697 tu
733 2638 851 2699 labores
859 2656 933 2708 tuos,

261 2719 341 2794 quod
364 2718 450 2777 aedilis
472 2737 530 2774 non
549 2720 585 2775 sis
608 2716 715 2791 fabius,
734 2718 842 2778 frasios
864 2716 933 2788 esse,

263 2797 297 2854 &
316 2795 467 2873 abjesios,
491 2797 523 2854 ὃ(
542 2797 706 2876 repudiatos
726 2797 840 2876 putas?
862 2797 933 2858 Vide

262 2875 401 2952 tandem,
426 2876 605 2952 Laterensis,
627 2893 806 3015 quantumde
828 2899 847 2936 o
869 2892 933 2937 ate

824 2973 933 3018 ennam.
