2117 3942
251 394 332 486 ‘160
481 393 732 464 omnio

253 511 310 585 iit,
331 529 425 570 meam
447 509 569 572 domum
580 509 752 593 pontificum
771 505 881 587 judicio
899 507 939 570 li·

256 592 409 664 beratam,
426 589 582 653 secundnm
598 593 715 654 fratrem
733 589 813 651 suum
831 587 940 669 judica·

254 687 315 731 tam
331 669 388 732 effe
402 671 539 733 dicebat:
555 691 659 734 movet
673 693 720 733 me
734 674 821 731 etiam
837 673 869 730 in
885 671 950 731 hae-

255 754 371 813 tetitate
383 773 525 826 annonae,
543 752 687 815 sterilitate
704 771 861 833 agrorum,
876 753 942 813 ino·

256 836 305 914 pia
322 832 459 914 frugum,
481 837 583 916 religio
602 833 749 906 Telluris,
771 833 804 892 &
823 833 861 892 eo
878 852 942 894 ma·

257 915 323 996 gis,
341 914 421 993 qu'od
440 916 547 975 eodem
564 913 677 975 ostento
690 913 802 974 Telluri
820 910 944 994 postula·

254 998 301 1055 tio
322 994 424 1057 deben'
444 995 561 1055 dicium-
579 995 689 1056 Vetera
711 990 826 1054 fortasse
847 993 943 1074 loqui·

253 1095 343 1146 mur-3
363 1096 540 1158 quamquam·
555 1077 613 1135 hoc
631 1078 654 1134 si
674 1077 767 1135 minits
781 1073 859 1134 civili
876 1072 940 1152 jure

255 1154 444 1246 perscriptum
455 1156 512 1228 est,
527 1158 594 1239 lege
604 1176 702 1216 tamen
712 1172 840 1226 natutae,
858 1175 943 1215 com·

259 1239 340 1296 muni
358 1257 421 1314 jure
438 1241 568 1319 gentium
586 1237 724 1296 sancitum
742 1233 806 1308 est,
824 1234 940 1295 utn'zhil

257 1318 398 1378 mortales
420 1340 437 1377 a
459 1318 511 1379 diis
534 1317 746 1377 immortalibus
765 1314 815 1375 usu
836 1335 941 1396 capere

283 1414 383 1459 ossmt.

257 1418 281 1539 ,Ρ
301 1476 379 1537 x-V.
397 1477 611 1538 Verumtamen
625 1479 741 1558 antiqua
753 1478 942 1559 negligimus:

260 1559 387 1620 etiamne
405 1580 441 1620 ea
462 1559 664 1699 negligemus,
684 1580 748 1638 quae
769 1557 841 1617 fiunt
857 1578 944 1640 quum

260 1639 407 1700 maxims?
427 1661 491 1721 quae
505 1641 537 1699 vi
558 1639 663 1701 emus?
682 1639 717 1698 L.
736 1637 870 1700 Pisonem
885 1641 946 1720 quis

260 1717 371 1792 nescit,
389 1720 433 1791 his
444 1723 512 1801 ipsis
524 1721 725 1802 temporibus,
744 1721 901 1779 maximum
913 1718 946 1779 δι

260 1798 466 1862 [αηᾶἰεεὶιῃιιω
479 1801 583 1861 Dianae
600 1801 733 1861 sacellum
749 1802 779 1858 in
799 1798 945 1863 Coeliculo

261 1879 420 1941 sustulisse?
441 1881 544 1942 adsunt
564 1883 651 1943 vicini
673 1883 735 1960 ejus
756 1881 844 1940 loci-t
865 1880 948 1941 multi

261 1961 326 2023 sunt
347 1963 438 2024 etiam·
454 1964 484 2023 in
505 1963 566 2024 hoc
584 1963 711 2036 ordine,
736 1964 786 2043 qui
812 1958 946 2021 sacrificia

263 2043 381 2125 gentiiis
397 2044 449 2105 illo
467 2047 477 2103 i
499 2043 529 2105 so
546 2046 574 2102 in
587 2042 713 2116 sacello,
732 2040 836 2102 statuto
856 2043 947 2115 loco,

262 2123 453 2184 anniversaria
473 2066 635 2184 sitditatint.
660 2123 698 2182 Et
718 2125 915 2203 conquirimus
937 2164 947 2194 ‚

264 2204 304 2261 dii
321 2204 499 2265 immortales
513 2225 577 2286 quae
594 2205 659 2264 loca
676 2203 865 2277 desiderent,
903 2201 949 2263 uid

264 2281 597 2425 sennen:
616 2281 858 2426 stistte
880 2225 949 2423 it·

259 2410 262 2415 ,
473 2402 476 2409 .
866 2408 876 2436 ‚
932 2395 950 2409 .

258 2441 376 2526 -eenss5
388 2444 577 2520 inaedificata,
593 2466 633 2528 op
656 2443 748 2519 resin,
766 2443 877 2504 summi
894 2445 950 2505 de-

265 2526 356 2606 nique
366 2526 543 2606 turpitudine
558 2524 615 2588 esse
670 2527 736 2586 data
748 2524 911 2585 nescimus?
940 2564 942 2569 -

289 2650 291 2657 .
308 2623 355 2684 33.
370 2604 428 2666 Tu*
438 2627 538 2668 meam
548 2606 669 2668 domum
681 2604 843 2686 religiosam
855 2604 950 2666 facere

257 2685 387 2764 :potuisti
399 2685 412 2746 i
424 2686 672 2770 Ecqui-mente?
695 2706 783 2767 quam
798 2685 949 2746 amiseras:

264 2767 326 2844 ‘qui
347 2768 461 2828 manu-t
480 2769 537 2850 qud
558 2767 749 2828 disturbatas:
771 2767 828 2846 qui
848 2765 951 2827 voce?

268 2845 325 2924 qud
339 2848 453 2908 incendi
471 2847 586 2928 jusseras
601 2871 608 2908 :
625 2849 682 2931 qud
700 2847 790 2931 lege?
811 2867 898 2927 quam
915 2865 952 2905 ne

264 2927 302 2985 in
317 2926 508 3008 dia-quidem
516 2933 692 3012 impunitate
710 2946 767 3004 tua,
778 2926 951 3010 scripsetes:
