2117 3942
280 408 409 470 νοεῖ
432 397 687 475 errnn.
764 424 820 505 43

140 510 278 589 sedule,
299 533 362 575 non
379 516 478 578 modo
492 537 554 579 nou
576 519 697 582 infrado
720 527 820 584 animo

94 610 97 623 '
139 612 251 676 propter
278 595 511 677 magnitudinem
535 598 701 662 calamitatis
726 647 738 675 ,
768 604 819 666 sed

93 678 97 753 j
138 672 430 759 confirmato,atque
448 697 607 740 renovatm

93 760 96 773 ¹
171 775 220 816 20.
238 755 345 836 Quem
363 775 486 840 egomet
501 759 596 821 dicere
613 761 737 836 audivi,
754 779 817 824 tum

91 846 95 903 ς
136 834 160 898 le
174 835 257 897 luisse
276 835 413 898 miserum
432 878 442 913 ,
459 858 549 919 quum
566 859 675 902 careret
694 845 785 922 patrii
804 890 819 915 ,

90 942 94 1001 g
137 937 217 998 quam
230 916 391 978 obsidione
403 916 594 980 liberauiss'et:
610 942 697 1002 quum
708 921 755 982 sua
765 923 817 983 bo·

88 1024 94 1091 p
137 1018 169 1057 na
181 995 328 1078 possideri
343 999 382 1059 ab
397 999 520 1061 inimicis
537 1043 547 1072 ‚
571 1021 604 1061 ac
623 1002 707 1082 diripi
727 1003 812 1061 audi-

137 1095 204 1138 ret:
232 1098 324 1160 quum
345 1076 565 1140 adolescentem
585 1077 676 1143 filium
701 1081 815 1143 videret

87 1134 93 1225 l
138 1154 265 1235 eiusdem
281 1154 393 1219 socium
410 1157 593 1219 calamitatis:
612 1179 701 1242 quum
717 1161 747 1220 ‘m
766 1182 819 1241 pa·

87 1248 92 1321 ζ
138 1236 246 1297 ludibus
264 1235 433 1313 demersius,
450 1236 584 1299 concursu
601 1260 635 1300 ac
655 1237 820 1301 misericon·

87 1328 91 1335 '
138 1316 180 1377 dii
195 1316 445 1383 Minturnensium
462 1322 723 1398 corpusacvitam
738 1319 816 1383 suam

139 1395 342 1463 cousemll'etr
359 1419 452 1481 quum
517 1399 554 1459 vi
568 1401 700 1461 naviculi
713 1398 818 1479 trajec-

139 1495 179 1537 tus
192 1479 221 1538 in
240 1476 396 1551 Africam,
416 1481 463 1560 qu'
486 1499 519 1539 us
537 1499 624 1562 regna
641 1479 702 1562 ipse
725 1481 818 1542 dede·

85 1556 87 1567 '
139 1575 200 1633 tat,
219 1557 260 1618 ad
286 1578 342 1619 eos
365 1561 456 1639 inops
476 1558 652 1642 supplexque
674 1559 816 1623 venillet:

138 1638 304 1719 recuperati
315 1641 388 1699 vero
399 1637 446 1698 sua
458 1637 612 1721 dignitate,
624 1638 724 1701 senon
737 1663 818 1702 com·
885 1712 892 1723 ·

85 1766 90 1773 .
139 1716 301 1792 missurum,
319 1735 371 1791 ut,
388 1738 479 1800 quum
498 1739 554 1795 ea,
575 1742 640 1802 quae
660 1721 816 1795 amiserat,

85 1834 90 1877 ‚¹
139 1798 187 1859 tibi
205 1796 339 1860 restituta
349 1796 438 1860 essem
456 1841 470 1876 ,
487 1801 624 1867 vituttem
645 1804 735 1862 animi
755 1822 816 1862 non

138 1882 276 1956 haberet,
293 1903 381 1963 quarn
394 1902 552 1963 numquam
568 1878 744 1964 perdidisset.
757 1878 822 1943 Sed

138 1963 195 2022 hoc
212 1966 286 2021 imet
307 1985 359 2024 me
376 1981 462 2045 atque
481 1964 563 2021 illum
581 1963 719 2033 interest,
739 1963 819 2100 qpbd

139 2043 210 2116 ille,
228 2043 284 2124 quai
295 2065 325 2103 re
341 2044 499 2124 plurimum
517 2046 613 2123 potuit
631 2087 643 2114 ,
663 2044 698 2101 ei
711 2045 741 2121 ip
788 2063 821 2102 re
922 2109 924 2113 ,

85 2142 89 2151 ’
138 2125 270 2182 inimicos
286 2123 350 2184 suros
366 2126 441 2184 ultus
461 2121 522 2195 est,
544 2124 649 2193 armis;
665 2144 742 2203 ego,
763 2125 825 2203 quai·

138 2203 293 2276 consuevi,
311 2222 374 2265 utar
388 2226 398 2278 ;
414 2206 552 2286 quoniam
564 2204 603 2262 illi
623 2206 676 2262 arti
691 2207 719 2263 in
738 2205 823 2265 bello·

140 2306 170 2344 ac
185 2284 328 2346 seditione
347 2288 428 2346 loeus
441 2283 482 2344 est
493 2305 503 2358 ;
515 2284 580 2343 huic
598 2287 625 2342 in
643 2305 713 2364 pace
732 2303 825 2364 atque·

142 2368 209 2425 otio.
227 2366 418 2447 Quamquam
436 2365 485 2424 ille
497 2367 594 2425 animo
604 2368 676 2425 irato
692 2366 761 2424 nihil
773 2367 820 2424 ni-

140 2449 161 2504 si
177 2445 214 2506 de
230 2449 352 2506 inimicis
372 2445 541 2506 ulciscendis
559 2447 687 2527 agebat;
703 2467 760 2526 ego
783 2445 822 2503 de

137 2528 201 2606 ipsis
221 2528 344 2586 inimicis
362 2545 496 2615 tantum,
519 2545 657 2607 quantum
678 2527 749 2585 mihi
765 2523 824 2584 res·

135 2607 253 2687 publica
291 2611 437 2682 emittet,
454 2608 600 2688 cogitabo.

174 2686 236 2747 IX.
294 2691 422 2769 enique,
441 2688 571 2766 Quirites
590 2731 600 2758 ‚
617 2687 756 2765 quoniam
775 2704 823 2746 me

137 2787 262 2850 quatuor
281 2773 405 2830 omnino
425 2787 538 2850 genera·
553 2768 706 2825 hominum
726 2767 824 2825 viola-

134 2868 219 2910 runt:
241 2871 333 2910 unum
350 2870 473 2922 eorum,
490 2851 539 2929 qui
554 2847 623 2908 odio
641 2847 824 2926 reipublice,

136 2931 219 3013 quod
238 2951 306 2994 eam
321 2935 390 3014 ipsis
408 2932 503 2993 invitis
520 2926 739 3003 conservatam,
755 2928 831 2988 mihi-
