2117 3942
243 395 320 481 '188
381 460 384 467 ,
444 390 674 468 ΟιιΑτιό

244 560 256 580 .,
283 529 313 588 7.
333 506 425 569 Duxit
444 526 586 577 uxorem,
606 521 688 586 patre
706 503 804 578 vivo,
822 504 931 585 optimi

244 590 279 659 Bc
299 589 534 659 calamitosissimi
552 589 606 646 viri
622 584 733 659 filiam,
753 582 791 645 C.
810 583 932 666 Scipio·

244 672 297 737 nis.
316 667 403 740 Clara
418 669 449 728 in
464 668 522 726 hoc
535 665 567 726 P.
577 665 674 735 ¹Sentii
689 667 782 746 pietas
797 663 904 731 exstitit
920 711 932 742 ,

243 736 426 810 &omnibus
442 764 545 829 grata,
560 746 638 828 quiid
657 747 688 806 dt
702 745 863 805 Massiliam
879 745 934 809 sta·

244 831 297 889 tim
320 827 468 908 prosedas
492 824 534 887 est
547 871 559 898 ‚
582 844 614 885 ut
638 824 769 886 socerum
794 826 932 902 videre,

151 909 155 918 ’
246 907 445 988 consolarique
469 905 587 987 poffet,
609 905 739 965 fluetibus
765 906 933 986 reipublicae

247 987 412 1069 expulsum,
425 989 454 1046 in
465 987 563 1047 alienis
573 988 654 1044 terris
665 983 827 1063 jacentem,
841 1008 932 1068 quem

245 1070 276 1128 in
291 1067 435 1148 majorum
450 1065 566 1126 suorum
581 1063 708 1147 vestigiis
721 1064 794 1125 slare
806 1085 932 1146 oporte«

245 1149 321 1223 bat3
347 1149 380 1208 &
394 1147 438 1222 ,ad
459 1167 526 1218 eum
545 1145 633 1206 filiam
653 1143 715 1225 ejus
734 1145 853 1207 adduxit
866 1191 878 1218 ‚
891 1164 931 1212 ..ut

246 1228 302 1303 illo¹
322 1227 464 1309 insperato
490 1226 623 1306 adspesiu
645 1224 885 1306 complexuque,
907 1229 932 1300 si

247 1329 314 1381 non
324 1327 469 1380 omnem,
488 1323 517 1366 at
530 1308 653 1386 aliquam
670 1325 783 1386 partem
796 1309 931 1367 moeroris

246 1387 287 1455 sui
303 1387 463 1468 deponeret
478 1406 488 1458 3
501 1388 533 1447 &
548 1388 678 1446 maximis
693 1384 794 1446 officiis
810 1387 842 1446 δι
857 1387 932 1446 illius

226 1468 229 1473 ’
247 1477 427 1541 erumnam,
444 1468 540 1547 quoad
558 1469 653 1538 vixit,
670 1467 702 1526 &
719 1464 783 1526 filia
797 1465 932 1533 solitudi-¹

248 1558 321 1617 nem,
335 1546 508 1609 sustentavit.
531 1544 645 1608 Possum
668 1547 757 1607 multa
775 1545 872 1611 dicere
893 1546 931 1608 de

247 1627 439 1699 liberalitate,
457 1627 494 1688 de
511 1625 674 1695 domesticis
691 1625 812 1700 officiis,
829 1627 867 1693 cle
880 1629 932 1687 tria

248 1706 358 1776 bunaru
375 1708 509 1787 militari,
528 1708 566 1788 de
582 1708 751 1789 provinciali
768 1709 798 1765 in
810 1727 932 1773 ,eomas

250 1786 554 1870 gistratu'abstinentia
566 1787 644 1860 ;,sed
661 1788 731 1847 mihi
746 1787 932 1852 anteoculos

250 1868 418 1928 obversatur
439 1869 603 1948 reipublicae
623 1867 771 1949 dignitas,
796 1888 861 1948 quae
884 1887 931 1932 me

251 1948 289 2021 acl
304 1947 362 2011 sese
375 1950 470 2030 rapit,
483 1948 545 2010 haec
562 1951 675 2012 minora
687 1949 851 2028 relinquere
864 1947 932 2008 hor·

251 2045 337 2089 tatur.
930 2063 932 2067 .

252 2169 256 2178 ,
292 2108 321 2166 8.
344 2106 479 2186 Quaestor
503 2109 549 2168 hic
573 2106 612 2175 (i.
638 2106 785 2181 Antonii,
813 2108 932 2190 collega

250 2189 332 2259 mei,
356 2187 495 2259 ludices,
519 2187 572 2246 suit
594 2187 696 2260 sorte,
721 2187 770 2249 sed
792 2186 930 2254 societate

247 2265 436 2341 ‚consiliorum
465 2287 556 2332 meus.
586 2266 736 2347 Impedior
766 2270 931 2329 nonnullius

253 2343 360 2419 officii,
376 2363 407 2405 ut
420 2366 477 2428 ego
490 2348 685 2427 interpretor,
700 2347 859 2429 religione,
873 2350 932 2430 qula

252 2427 346 2487 minius
362 2446 529 2507 exponam,
549 2428 742 2508 quimmulta
756 2428 793 2487 ad
811 2449 859 2490 me
878 2429 933 2489 de-

251 2507 368 2580 ¹tulerit,
382 2507 490 2588 quanto
503 2509 570 2579 ante
582 2507 750 2588 providerit.
762 2507 865 2589 Atque
874 2528 932 2590 ego

253 2587 290 2657 de
313 2585 444 2647 Antonio
470 2587 540 2647 nihil
566 2587 657 2660 dico,
680 2604 785 2667 praeter
812 2608 931 2655 unum:

251 2687 408 2748 numquam
421 2667 503 2735 illum
521 2669 551 2727 in
573 2668 624 2728 illo
642 2667 752 2731 summo
772 2671 878 2730 timore
898 2667 932 2731 ac

252 2747 381 2824 periculo
396 2751 538 2820 civitatis,
556 2767 650 2828 neque
668 2769 856 2815 communem
872 2769 934 2809 me·

251 2841 316 2899 pum
331 2831 480 2902 omnium,
499 2847 596 2907 neque
611 2831 757 2908 propriam
775 2830 934 2890 nonnullo·

252 2903 317 2965 ium
337 2905 374 2968 de
393 2908 454 2990 ipso
474 2907 687 2990 suspicionem,
711 2926 760 2972 aut
781 2907 933 2977 infitiando
