<?xml version="1.0" encoding="UTF-8"?>
<!DOCTYPE html PUBLIC "-//W3C//DTD XHTML 1.0 Transitional//EN"
    "http://www.w3.org/TR/xhtml1/DTD/xhtml1-transitional.dtd">
<html xmlns="http://www.w3.org/1999/xhtml" xml:lang="en" lang="en">
 <head>
  <title>
</title>
<meta http-equiv="Content-Type" content="text/html;charset=utf-8" />
  <meta name='ocr-system' content='tesseract 3.04.00' />
  <meta name='ocr-capabilities' content='ocr_page ocr_carea ocr_par ocr_line ocrx_word'/>
</head>
<body>
  <div class='ocr_page' id='page_1' title='image "./mtulliiciceroni06lallgoog_0335.png"; bbox 0 0 2117 3942; ppageno 0'>
   <div class='ocr_carea' id='block_1_1' title="bbox 195 319 742 419">
    <p class='ocr_par' dir='ltr' id='par_1_1' title="bbox 195 319 742 419">
     <span class='ocr_line' id='line_1_1' title="bbox 195 319 742 419; baseline -0.007 -24"><span class='ocrx_word' id='word_1_1' title='bbox 195 338 276 419; x_wconf 80' lang='lat'>370</span> <span class='ocrx_word' id='word_1_2' title='bbox 333 319 405 391; x_wconf 77' lang='lat' dir='ltr'>Du</span> <span class='ocrx_word' id='word_1_3' title='bbox 427 321 742 394; x_wconf 78' lang='lat' dir='ltr'>Pnorrucrrs</span> 
     </span>
    </p>
   </div>
   <div class='ocr_carea' id='block_1_2' title="bbox 158 433 883 2912">
    <p class='ocr_par' dir='ltr' id='par_1_2' title="bbox 158 433 883 1224">
     <span class='ocr_line' id='line_1_2' title="bbox 158 433 882 518; baseline 0.007 -22"><span class='ocrx_word' id='word_1_4' title='bbox 158 484 162 490; x_wconf 78' lang='lat'><em>,</em></span> <span class='ocrx_word' id='word_1_5' title='bbox 193 452 297 517; x_wconf 90' lang='lat' dir='ltr'>perat,</span> <span class='ocrx_word' id='word_1_6' title='bbox 316 452 348 496; x_wconf 89' lang='lat' dir='ltr'>ut</span> <span class='ocrx_word' id='word_1_7' title='bbox 363 438 460 498; x_wconf 88' lang='lat' dir='ltr'>omnia</span> <span class='ocrx_word' id='word_1_8' title='bbox 477 435 526 496; x_wconf 85' lang='lat' dir='ltr'>illa</span> <span class='ocrx_word' id='word_1_9' title='bbox 543 433 679 496; x_wconf 86' lang='lat' dir='ltr'>conficiat</span> <span class='ocrx_word' id='word_1_10' title='bbox 698 456 708 509; x_wconf 88' lang='lat'><strong>;</strong></span> <span class='ocrx_word' id='word_1_11' title='bbox 729 434 800 518; x_wconf 88' lang='lat' dir='ltr'>quid</span> <span class='ocrx_word' id='word_1_12' title='bbox 821 456 839 500; x_wconf 85' lang='lat' dir='ltr'>e</span> <span class='ocrx_word' id='word_1_13' title='bbox 860 459 882 500; x_wconf 91' lang='grc' dir='ltr'>ο</span> 
     </span>
     <span class='ocr_line' id='line_1_3' title="bbox 194 458 881 597; baseline 0.007 -20"><span class='ocrx_word' id='word_1_14' title='bbox 194 514 309 577; x_wconf 88' lang='lat' dir='ltr'>senator</span> <span class='ocrx_word' id='word_1_15' title='bbox 324 516 418 579; x_wconf 88' lang='lat' dir='ltr'>sacere</span> <span class='ocrx_word' id='word_1_16' title='bbox 434 517 552 589; x_wconf 83' lang='lat' dir='ltr'><strong>debeo,</strong></span> <span class='ocrx_word' id='word_1_17' title='bbox 567 536 676 597; x_wconf 87' lang='lat' dir='ltr'>quem,</span> <span class='ocrx_word' id='word_1_18' title='bbox 690 519 779 578; x_wconf 88' lang='lat' dir='ltr'>etiam</span> <span class='ocrx_word' id='word_1_19' title='bbox 795 458 881 582; x_wconf 60' lang='lat' dir='ltr'>siifie</span> 
     </span>
     <span class='ocr_line' id='line_1_4' title="bbox 193 596 880 680; baseline 0.006 -23"><span class='ocrx_word' id='word_1_20' title='bbox 193 597 272 657; x_wconf 78' lang='lat' dir='ltr'>uliud</span> <span class='ocrx_word' id='word_1_21' title='bbox 285 598 396 671; x_wconf 87' lang='lat' dir='ltr'>vellet,</span> <span class='ocrx_word' id='word_1_22' title='bbox 411 598 575 678; x_wconf 85' lang='lat' dir='ltr'>reipublicae</span> <span class='ocrx_word' id='word_1_23' title='bbox 594 596 743 658; x_wconf 87' lang='lat' dir='ltr'>consulere</span> <span class='ocrx_word' id='word_1_24' title='bbox 756 618 880 680; x_wconf 82' lang='lat' dir='ltr'>oporte·</span> 
     </span>
     <span class='ocr_line' id='line_1_5' title="bbox 194 676 883 772; baseline 0.006 -36"><span class='ocrx_word' id='word_1_25' title='bbox 194 677 262 738; x_wconf 84' lang='lat' dir='ltr'>ret?</span> <span class='ocrx_word' id='word_1_26' title='bbox 285 676 351 760; x_wconf 82' lang='lat' dir='ltr'>Ego</span> <span class='ocrx_word' id='word_1_27' title='bbox 370 679 442 738; x_wconf 80' lang='lat' dir='ltr'>verb</span> <span class='ocrx_word' id='word_1_28' title='bbox 459 680 498 737; x_wconf 87' lang='lat' dir='ltr'>sic</span> <span class='ocrx_word' id='word_1_29' title='bbox 517 677 669 772; x_wconf 75' lang='lat' dir='ltr'><strong>intelligo,</strong></span> <span class='ocrx_word' id='word_1_30' title='bbox 690 677 789 740; x_wconf 86' lang='lat' dir='ltr'>Patres</span> <span class='ocrx_word' id='word_1_31' title='bbox 807 701 883 740; x_wconf 88' lang='lat' dir='ltr'>con-</span> 
     </span>
     <span class='ocr_line' id='line_1_6' title="bbox 193 756 883 838; baseline 0.007 -21"><span class='ocrx_word' id='word_1_32' title='bbox 193 756 311 838; x_wconf 81' lang='lat' dir='ltr'>scripti,</span> <span class='ocrx_word' id='word_1_33' title='bbox 327 780 381 818; x_wconf 86' lang='lat' dir='ltr'>nos</span> <span class='ocrx_word' id='word_1_34' title='bbox 395 759 453 818; x_wconf 86' lang='lat' dir='ltr'>hoc</span> <span class='ocrx_word' id='word_1_35' title='bbox 463 775 599 837; x_wconf 91' lang='lat' dir='ltr'>tempore</span> <span class='ocrx_word' id='word_1_36' title='bbox 611 780 640 817; x_wconf 93' lang='lat' dir='ltr'>m</span> <span class='ocrx_word' id='word_1_37' title='bbox 677 760 816 820; x_wconf 84' lang='lat' dir='ltr'>rovinciis</span> <span class='ocrx_word' id='word_1_38' title='bbox 829 760 883 822; x_wconf 88' lang='lat' dir='ltr'>de·</span> 
     </span>
     <span class='ocr_line' id='line_1_7' title="bbox 193 839 881 921; baseline 0.001 -22"><span class='ocrx_word' id='word_1_39' title='bbox 193 839 376 914; x_wconf 73' lang='lat' dir='ltr'>cernendis,</span> <span class='ocrx_word' id='word_1_40' title='bbox 397 857 545 921; x_wconf 79' lang='lat' dir='ltr'>perpetuae</span> <span class='ocrx_word' id='word_1_41' title='bbox 564 841 641 919; x_wconf 81' lang='lat' dir='ltr'>pacis</span> <span class='ocrx_word' id='word_1_42' title='bbox 697 839 770 900; x_wconf 80' lang='lat' dir='ltr'>bere</span> <span class='ocrx_word' id='word_1_43' title='bbox 789 861 881 920; x_wconf 91' lang='lat' dir='ltr'>opor·</span> 
     </span>
     <span class='ocr_line' id='line_1_8' title="bbox 192 919 880 1000; baseline 0.001 -20"><span class='ocrx_word' id='word_1_44' title='bbox 192 933 257 981; x_wconf 87' lang='lat' dir='ltr'>tere</span> <span class='ocrx_word' id='word_1_45' title='bbox 273 922 436 980; x_wconf 86' lang='lat' dir='ltr'>rationem:</span> <span class='ocrx_word' id='word_1_46' title='bbox 454 940 521 979; x_wconf 85' lang='lat' dir='ltr'>nam</span> <span class='ocrx_word' id='word_1_47' title='bbox 538 921 602 1000; x_wconf 87' lang='lat' dir='ltr'>quis</span> <span class='ocrx_word' id='word_1_48' title='bbox 618 919 675 978; x_wconf 85' lang='lat' dir='ltr'>hoc</span> <span class='ocrx_word' id='word_1_49' title='bbox 695 940 758 980; x_wconf 90' lang='lat' dir='ltr'>non</span> <span class='ocrx_word' id='word_1_50' title='bbox 777 919 880 996; x_wconf 88' lang='lat' dir='ltr'>sentit,</span> 
     </span>
     <span class='ocr_line' id='line_1_9' title="bbox 195 999 881 1083; baseline 0.003 -22"><span class='ocrx_word' id='word_1_51' title='bbox 195 1004 296 1061; x_wconf 85' lang='lat' dir='ltr'>omnia</span> <span class='ocrx_word' id='word_1_52' title='bbox 314 1001 368 1062; x_wconf 87' lang='lat' dir='ltr'>alia</span> <span class='ocrx_word' id='word_1_53' title='bbox 385 999 442 1062; x_wconf 77' lang='lat' dir='ltr'>effe</span> <span class='ocrx_word' id='word_1_54' title='bbox 460 1001 544 1061; x_wconf 77' lang='lat' dir='ltr'>nobit</span> <span class='ocrx_word' id='word_1_55' title='bbox 565 1020 655 1060; x_wconf 84' lang='lat' dir='ltr'>vacua</span> <span class='ocrx_word' id='word_1_56' title='bbox 671 1001 710 1058; x_wconf 88' lang='lat' dir='ltr'>ab</span> <span class='ocrx_word' id='word_1_57' title='bbox 726 1004 809 1063; x_wconf 86' lang='lat' dir='ltr'>omui</span> <span class='ocrx_word' id='word_1_58' title='bbox 826 1022 881 1083; x_wconf 92' lang='lat' dir='ltr'>pe·</span> 
     </span>
     <span class='ocr_line' id='line_1_10' title="bbox 193 1080 881 1224; baseline 0.007 -84"><span class='ocrx_word' id='word_1_59' title='bbox 193 1082 308 1224; x_wconf 56' lang='lat' dir='ltr'>pieplo,</span> <span class='ocrx_word' id='word_1_60' title='bbox 328 1100 415 1164; x_wconf 88' lang='lat' dir='ltr'>atque</span> <span class='ocrx_word' id='word_1_61' title='bbox 440 1084 528 1142; x_wconf 86' lang='lat' dir='ltr'>etiam</span> <span class='ocrx_word' id='word_1_62' title='bbox 552 1081 589 1141; x_wconf 91' lang='lat' dir='ltr'>ab</span> <span class='ocrx_word' id='word_1_63' title='bbox 617 1082 700 1141; x_wconf 85' lang='lat' dir='ltr'>omni</span> <span class='ocrx_word' id='word_1_64' title='bbox 720 1080 881 1163; x_wconf 78' lang='lat' dir='ltr'>suspicione</span> 
     </span>
     <span class='ocr_line' id='line_1_11' title="bbox 219 1164 285 1224; baseline 0.03 -2"><span class='ocrx_word' id='word_1_65' title='bbox 219 1164 285 1224; x_wconf 84' lang='lat' dir='ltr'>eli.</span> 
     </span>
    </p>

    <p class='ocr_par' dir='ltr' id='par_1_3' title="bbox 186 1239 882 2689">
     <span class='ocr_line' id='line_1_12' title="bbox 240 1239 881 1321; baseline 0.005 -21"><span class='ocrx_word' id='word_1_66' title='bbox 240 1260 286 1321; x_wconf 84' lang='lat'>31.</span> <span class='ocrx_word' id='word_1_67' title='bbox 297 1241 410 1304; x_wconf 91' lang='lat' dir='ltr'>Jamdiu</span> <span class='ocrx_word' id='word_1_68' title='bbox 426 1262 506 1302; x_wconf 91' lang='lat' dir='ltr'>mare</span> <span class='ocrx_word' id='word_1_69' title='bbox 521 1239 656 1302; x_wconf 82' lang='lat' dir='ltr'>videmus</span> <span class='ocrx_word' id='word_1_70' title='bbox 667 1240 738 1301; x_wconf 88' lang='lat' dir='ltr'>illud</span> <span class='ocrx_word' id='word_1_71' title='bbox 752 1242 881 1303; x_wconf 83' lang='lat' dir='ltr'>immen-</span> 
     </span>
     <span class='ocr_line' id='line_1_13' title="bbox 192 1319 881 1402; baseline -0.004 -17"><span class='ocrx_word' id='word_1_72' title='bbox 192 1319 277 1397; x_wconf 83' lang='lat' dir='ltr'>sum,</span> <span class='ocrx_word' id='word_1_73' title='bbox 297 1321 377 1402; x_wconf 88' lang='lat' dir='ltr'>cujus</span> <span class='ocrx_word' id='word_1_74' title='bbox 401 1321 518 1383; x_wconf 85' lang='lat' dir='ltr'>fervore</span> <span class='ocrx_word' id='word_1_75' title='bbox 541 1343 602 1380; x_wconf 92' lang='lat' dir='ltr'>non</span> <span class='ocrx_word' id='word_1_76' title='bbox 628 1319 721 1380; x_wconf 76' lang='lat' dir='ltr'>solum</span> <span class='ocrx_word' id='word_1_77' title='bbox 746 1323 881 1382; x_wconf 76' lang='lat' dir='ltr'>maritimi</span> 
     </span>
     <span class='ocr_line' id='line_1_14' title="bbox 195 1402 882 1477; baseline 0 -14"><span class='ocrx_word' id='word_1_78' title='bbox 195 1403 314 1477; x_wconf 86' lang='lat' dir='ltr'>cursus,</span> <span class='ocrx_word' id='word_1_79' title='bbox 332 1403 381 1463; x_wconf 88' lang='lat' dir='ltr'>sed</span> <span class='ocrx_word' id='word_1_80' title='bbox 402 1402 487 1462; x_wconf 89' lang='lat' dir='ltr'>urbes</span> <span class='ocrx_word' id='word_1_81' title='bbox 507 1405 595 1463; x_wconf 88' lang='lat' dir='ltr'>etiam</span> <span class='ocrx_word' id='word_1_82' title='bbox 617 1402 649 1460; x_wconf 72' lang='grc' dir='ltr'>δι</span> <span class='ocrx_word' id='word_1_83' title='bbox 670 1403 726 1462; x_wconf 73' lang='lat' dir='ltr'>via</span> <span class='ocrx_word' id='word_1_84' title='bbox 743 1403 882 1463; x_wconf 82' lang='lat' dir='ltr'>militares</span> 
     </span>
     <span class='ocr_line' id='line_1_15' title="bbox 191 1479 881 1565; baseline 0 -22"><span class='ocrx_word' id='word_1_85' title='bbox 191 1479 254 1565; x_wconf 85' lang='lat' dir='ltr'>jam</span> <span class='ocrx_word' id='word_1_86' title='bbox 272 1485 463 1556; x_wconf 87' lang='lat' dir='ltr'>tenebantur,</span> <span class='ocrx_word' id='word_1_87' title='bbox 480 1484 589 1543; x_wconf 84' lang='lat' dir='ltr'>virtute</span> <span class='ocrx_word' id='word_1_88' title='bbox 608 1480 667 1541; x_wconf 85' lang='lat' dir='ltr'>Cn.</span> <span class='ocrx_word' id='word_1_89' title='bbox 686 1480 762 1542; x_wconf 85' lang='lat' dir='ltr'>Pom</span> <span class='ocrx_word' id='word_1_90' title='bbox 784 1485 822 1543; x_wconf 87' lang='lat' dir='ltr'>eii</span> <span class='ocrx_word' id='word_1_91' title='bbox 841 1485 881 1543; x_wconf 87' lang='lat' dir='ltr'>sic</span> 
     </span>
     <span class='ocr_line' id='line_1_16' title="bbox 188 1560 881 1645; baseline 0.001 -22"><span class='ocrx_word' id='word_1_92' title='bbox 188 1584 212 1623; x_wconf 83' lang='lat' dir='ltr'>a</span> <span class='ocrx_word' id='word_1_93' title='bbox 231 1563 343 1645; x_wconf 92' lang='lat' dir='ltr'>populo</span> <span class='ocrx_word' id='word_1_94' title='bbox 361 1562 518 1635; x_wconf 86' lang='lat' dir='ltr'>Romano,</span> <span class='ocrx_word' id='word_1_95' title='bbox 537 1561 574 1621; x_wconf 86' lang='lat' dir='ltr'>ab</span> <span class='ocrx_word' id='word_1_96' title='bbox 592 1560 719 1623; x_wconf 83' lang='lat' dir='ltr'>Oceano</span> <span class='ocrx_word' id='word_1_97' title='bbox 767 1584 826 1644; x_wconf 88' lang='lat' dir='ltr'>que</span> <span class='ocrx_word' id='word_1_98' title='bbox 842 1565 881 1624; x_wconf 85' lang='lat' dir='ltr'>ad</span> 
     </span>
     <span class='ocr_line' id='line_1_17' title="bbox 186 1642 881 1726; baseline 0.006 -24"><span class='ocrx_word' id='word_1_99' title='bbox 186 1643 327 1704; x_wconf 49' lang='lat' dir='ltr'>&#39;ultimum</span> <span class='ocrx_word' id='word_1_100' title='bbox 340 1642 482 1714; x_wconf 84' lang='lat' dir='ltr'>Pontum,</span> <span class='ocrx_word' id='word_1_101' title='bbox 493 1660 641 1724; x_wconf 78' lang='lat' dir='ltr'>tamquam</span> <span class='ocrx_word' id='word_1_102' title='bbox 652 1664 740 1702; x_wconf 85' lang='lat' dir='ltr'>unum</span> <span class='ocrx_word' id='word_1_103' title='bbox 753 1645 881 1726; x_wconf 75' lang='lat' dir='ltr'>aliquem</span> 
     </span>
     <span class='ocr_line' id='line_1_18' title="bbox 187 1723 881 1806; baseline 0.001 -22"><span class='ocrx_word' id='word_1_104' title='bbox 187 1742 328 1806; x_wconf 88' lang='lat' dir='ltr'>portum,</span> <span class='ocrx_word' id='word_1_105' title='bbox 342 1741 437 1784; x_wconf 87' lang='lat' dir='ltr'>tutum</span> <span class='ocrx_word' id='word_1_106' title='bbox 456 1725 488 1784; x_wconf 87' lang='lat'>&amp;</span> <span class='ocrx_word' id='word_1_107' title='bbox 509 1723 634 1783; x_wconf 85' lang='lat' dir='ltr'>clausum</span> <span class='ocrx_word' id='word_1_108' title='bbox 653 1727 749 1785; x_wconf 85' lang='lat' dir='ltr'>teneri</span> <span class='ocrx_word' id='word_1_109' title='bbox 762 1744 770 1784; x_wconf 84' lang='lat' dir='ltr'>t</span> <span class='ocrx_word' id='word_1_110' title='bbox 783 1727 881 1786; x_wconf 80' lang='lat' dir='ltr'>natio·</span> 
     </span>
     <span class='ocr_line' id='line_1_19' title="bbox 192 1806 881 1886; baseline 0.001 -21"><span class='ocrx_word' id='word_1_111' title='bbox 192 1824 247 1866; x_wconf 86' lang='lat' dir='ltr'>nes</span> <span class='ocrx_word' id='word_1_112' title='bbox 265 1825 312 1866; x_wconf 83' lang='lat' dir='ltr'>eas</span> <span class='ocrx_word' id='word_1_113' title='bbox 324 1851 334 1878; x_wconf 85' lang='lat'>,</span> <span class='ocrx_word' id='word_1_114' title='bbox 348 1825 411 1886; x_wconf 85' lang='lat' dir='ltr'>quae</span> <span class='ocrx_word' id='word_1_115' title='bbox 427 1824 549 1865; x_wconf 87' lang='lat' dir='ltr'>nurnero</span> <span class='ocrx_word' id='word_1_116' title='bbox 565 1806 738 1876; x_wconf 80' lang='lat' dir='ltr'>hominurn,</span> <span class='ocrx_word' id='word_1_117' title='bbox 754 1826 787 1865; x_wconf 88' lang='lat' dir='ltr'>ac</span> <span class='ocrx_word' id='word_1_118' title='bbox 803 1806 881 1867; x_wconf 89' lang='lat' dir='ltr'>mul·</span> 
     </span>
     <span class='ocr_line' id='line_1_20' title="bbox 189 1886 880 1966; baseline 0 -21"><span class='ocrx_word' id='word_1_119' title='bbox 189 1886 314 1948; x_wconf 80' lang='lat' dir='ltr'>titudine</span> <span class='ocrx_word' id='word_1_120' title='bbox 334 1886 396 1966; x_wconf 70' lang='lat' dir='ltr'>ipsi</span> <span class='ocrx_word' id='word_1_121' title='bbox 420 1902 555 1966; x_wconf 88' lang='lat' dir='ltr'>poterant</span> <span class='ocrx_word' id='word_1_122' title='bbox 572 1887 602 1943; x_wconf 89' lang='lat' dir='ltr'>in</span> <span class='ocrx_word' id='word_1_123' title='bbox 622 1887 785 1964; x_wconf 78' lang='lat' dir='ltr'>provincias</span> <span class='ocrx_word' id='word_1_124' title='bbox 806 1908 880 1947; x_wconf 88' lang='lat' dir='ltr'>nos·</span> 
     </span>
     <span class='ocr_line' id='line_1_21' title="bbox 192 1963 879 2046; baseline 0 -20"><span class='ocrx_word' id='word_1_125' title='bbox 192 1981 252 2026; x_wconf 81' lang='lat' dir='ltr'>tras</span> <span class='ocrx_word' id='word_1_126' title='bbox 268 1966 430 2028; x_wconf 87' lang='lat' dir='ltr'>redundare</span> <span class='ocrx_word' id='word_1_127' title='bbox 443 2011 452 2039; x_wconf 90' lang='lat'><strong>‚</strong></span> <span class='ocrx_word' id='word_1_128' title='bbox 467 1967 507 2025; x_wconf 88' lang='lat' dir='ltr'>ita</span> <span class='ocrx_word' id='word_1_129' title='bbox 520 1964 556 2025; x_wconf 93' lang='lat' dir='ltr'>ab</span> <span class='ocrx_word' id='word_1_130' title='bbox 571 1965 679 2026; x_wconf 85' lang='lat' dir='ltr'>eodem</span> <span class='ocrx_word' id='word_1_131' title='bbox 696 1963 754 2027; x_wconf 80' lang='lat' dir='ltr'>effe</span> <span class='ocrx_word' id='word_1_132' title='bbox 771 1969 879 2046; x_wconf 87' lang='lat' dir='ltr'>partim</span> 
     </span>
     <span class='ocr_line' id='line_1_22' title="bbox 188 2044 880 2128; baseline 0.001 -22"><span class='ocrx_word' id='word_1_133' title='bbox 188 2047 318 2120; x_wconf 85' lang='lat' dir='ltr'>recisas,</span> <span class='ocrx_word' id='word_1_134' title='bbox 336 2051 439 2128; x_wconf 89' lang='lat' dir='ltr'>partim</span> <span class='ocrx_word' id='word_1_135' title='bbox 459 2044 621 2126; x_wconf 77' lang='lat' dir='ltr'>repressas,</span> <span class='ocrx_word' id='word_1_136' title='bbox 644 2063 676 2104; x_wconf 89' lang='lat' dir='ltr'>ut</span> <span class='ocrx_word' id='word_1_137' title='bbox 696 2045 791 2119; x_wconf 84' lang='lat' dir='ltr'>Asia,</span> <span class='ocrx_word' id='word_1_138' title='bbox 814 2067 880 2128; x_wconf 86' lang='lat' dir='ltr'>quae</span> 
     </span>
     <span class='ocr_line' id='line_1_23' title="bbox 191 2124 878 2198; baseline 0.001 -12"><span class='ocrx_word' id='word_1_139' title='bbox 191 2128 232 2186; x_wconf 89' lang='lat' dir='ltr'>im</span> <span class='ocrx_word' id='word_1_140' title='bbox 256 2130 346 2187; x_wconf 87' lang='lat' dir='ltr'>etium</span> <span class='ocrx_word' id='word_1_141' title='bbox 358 2148 444 2188; x_wconf 88' lang='lat' dir='ltr'>antea</span> <span class='ocrx_word' id='word_1_142' title='bbox 456 2124 585 2186; x_wconf 84' lang='lat' dir='ltr'>nostrum</span> <span class='ocrx_word' id='word_1_143' title='bbox 598 2126 771 2186; x_wconf 79' lang='lat' dir='ltr'>terminabat</span> <span class='ocrx_word' id='word_1_144' title='bbox 782 2170 792 2198; x_wconf 92' lang='lat'><strong>,</strong></span> <span class='ocrx_word' id='word_1_145' title='bbox 802 2148 878 2187; x_wconf 89' lang='lat' dir='ltr'>nunc</span> 
     </span>
     <span class='ocr_line' id='line_1_24' title="bbox 190 2148 880 2291; baseline 0.007 -28"><span class='ocrx_word' id='word_1_146' title='bbox 190 2148 282 2265; x_wconf 56' lang='lat' dir='ltr'>nisus</span> <span class='ocrx_word' id='word_1_147' title='bbox 299 2210 384 2267; x_wconf 85' lang='lat' dir='ltr'>novis</span> <span class='ocrx_word' id='word_1_148' title='bbox 403 2210 559 2288; x_wconf 82' lang='lat' dir='ltr'>provinciis</span> <span class='ocrx_word' id='word_1_149' title='bbox 575 2204 634 2286; x_wconf 87' lang='lat' dir='ltr'>ipsa</span> <span class='ocrx_word' id='word_1_150' title='bbox 650 2208 792 2291; x_wconf 74' lang='lat' dir='ltr'>cingatur.</span> <span class='ocrx_word' id='word_1_151' title='bbox 807 2207 880 2268; x_wconf 87' lang='lat' dir='ltr'>Pos-</span> 
     </span>
     <span class='ocr_line' id='line_1_25' title="bbox 186 2283 872 2369; baseline 0.003 -23"><span class='ocrx_word' id='word_1_152' title='bbox 186 2283 250 2346; x_wconf 85' lang='lat' dir='ltr'>sum</span> <span class='ocrx_word' id='word_1_153' title='bbox 270 2285 308 2345; x_wconf 88' lang='lat' dir='ltr'>de</span> <span class='ocrx_word' id='word_1_154' title='bbox 327 2290 409 2346; x_wconf 90' lang='lat' dir='ltr'>omni</span> <span class='ocrx_word' id='word_1_155' title='bbox 425 2290 568 2369; x_wconf 82' lang='lat' dir='ltr'>regione,</span> <span class='ocrx_word' id='word_1_156' title='bbox 585 2285 623 2346; x_wconf 88' lang='lat' dir='ltr'>de</span> <span class='ocrx_word' id='word_1_157' title='bbox 645 2290 728 2347; x_wconf 82' lang='lat' dir='ltr'>omni</span> <span class='ocrx_word' id='word_1_158' title='bbox 745 2287 872 2348; x_wconf 92' lang='lat' dir='ltr'>hostium</span> 
     </span>
     <span class='ocr_line' id='line_1_26' title="bbox 189 2365 875 2449; baseline 0.003 -23"><span class='ocrx_word' id='word_1_159' title='bbox 189 2385 299 2449; x_wconf 85' lang='lat' dir='ltr'>genere</span> <span class='ocrx_word' id='word_1_160' title='bbox 320 2365 436 2427; x_wconf 88' lang='lat' dir='ltr'>dicere:</span> <span class='ocrx_word' id='word_1_161' title='bbox 450 2369 526 2425; x_wconf 83' lang='lat' dir='ltr'>nulla</span> <span class='ocrx_word' id='word_1_162' title='bbox 547 2387 620 2449; x_wconf 83' lang='lat' dir='ltr'>gens</span> <span class='ocrx_word' id='word_1_163' title='bbox 640 2367 706 2438; x_wconf 86' lang='lat' dir='ltr'>est,</span> <span class='ocrx_word' id='word_1_164' title='bbox 723 2388 789 2449; x_wconf 86' lang='lat' dir='ltr'>quae</span> <span class='ocrx_word' id='word_1_165' title='bbox 814 2389 875 2428; x_wconf 88' lang='lat' dir='ltr'>non</span> 
     </span>
     <span class='ocr_line' id='line_1_27' title="bbox 186 2445 876 2520; baseline -0.001 -11"><span class='ocrx_word' id='word_1_166' title='bbox 186 2465 242 2509; x_wconf 87' lang='lat' dir='ltr'>aut</span> <span class='ocrx_word' id='word_1_167' title='bbox 260 2449 299 2508; x_wconf 89' lang='lat' dir='ltr'>ita</span> <span class='ocrx_word' id='word_1_168' title='bbox 316 2446 427 2506; x_wconf 70' lang='lat' dir='ltr'>(abana</span> <span class='ocrx_word' id='word_1_169' title='bbox 444 2450 502 2520; x_wconf 77' lang='lat' dir='ltr'>sit,</span> <span class='ocrx_word' id='word_1_170' title='bbox 519 2465 551 2507; x_wconf 88' lang='lat' dir='ltr'>ut</span> <span class='ocrx_word' id='word_1_171' title='bbox 570 2449 619 2506; x_wconf 77' lang='lat' dir='ltr'>vix</span> <span class='ocrx_word' id='word_1_172' title='bbox 635 2445 747 2519; x_wconf 81' lang='lat' dir='ltr'>exstet3</span> <span class='ocrx_word' id='word_1_173' title='bbox 765 2466 814 2508; x_wconf 89' lang='lat' dir='ltr'>aut</span> <span class='ocrx_word' id='word_1_174' title='bbox 836 2451 876 2509; x_wconf 87' lang='lat' dir='ltr'>ita</span> 
     </span>
     <span class='ocr_line' id='line_1_28' title="bbox 188 2527 873 2609; baseline 0.001 -20"><span class='ocrx_word' id='word_1_175' title='bbox 188 2528 322 2601; x_wconf 78' lang='lat' dir='ltr'>domita,</span> <span class='ocrx_word' id='word_1_176' title='bbox 337 2544 368 2588; x_wconf 90' lang='lat' dir='ltr'>ut</span> <span class='ocrx_word' id='word_1_177' title='bbox 393 2527 539 2609; x_wconf 87' lang='lat' dir='ltr'>quiescat·,</span> <span class='ocrx_word' id='word_1_178' title='bbox 556 2545 604 2588; x_wconf 84' lang='lat' dir='ltr'>aut</span> <span class='ocrx_word' id='word_1_179' title='bbox 626 2531 667 2588; x_wconf 87' lang='lat' dir='ltr'>ita</span> <span class='ocrx_word' id='word_1_180' title='bbox 692 2546 821 2609; x_wconf 86' lang='lat' dir='ltr'>pacata,</span> <span class='ocrx_word' id='word_1_181' title='bbox 841 2546 873 2590; x_wconf 94' lang='lat' dir='ltr'>ut</span> 
     </span>
     <span class='ocr_line' id='line_1_29' title="bbox 192 2607 764 2689; baseline -0.007 -17"><span class='ocrx_word' id='word_1_182' title='bbox 192 2609 314 2672; x_wconf 70' lang='lat' dir='ltr'>viciorii</span> <span class='ocrx_word' id='word_1_183' title='bbox 331 2607 425 2670; x_wconf 70' lang='lat' dir='ltr'>nostri</span> <span class='ocrx_word' id='word_1_184' title='bbox 440 2612 620 2689; x_wconf 82' lang='lat' dir='ltr'>imperioque</span> <span class='ocrx_word' id='word_1_185' title='bbox 637 2609 764 2668; x_wconf 82' lang='lat' dir='ltr'>laetetur..</span> 
     </span>
    </p>

    <p class='ocr_par' dir='ltr' id='par_1_4' title="bbox 192 2687 875 2912">
     <span class='ocr_line' id='line_1_30' title="bbox 230 2687 873 2763; baseline -0.006 -13"><span class='ocrx_word' id='word_1_186' title='bbox 230 2690 327 2752; x_wconf 86' lang='lat' dir='ltr'><strong>Xlll.</strong></span> <span class='ocrx_word' id='word_1_187' title='bbox 354 2689 465 2751; x_wconf 87' lang='lat' dir='ltr'>Bellum</span> <span class='ocrx_word' id='word_1_188' title='bbox 486 2689 655 2763; x_wconf 82' lang='lat' dir='ltr'>Gallicum,</span> <span class='ocrx_word' id='word_1_189' title='bbox 680 2687 778 2748; x_wconf 84' lang='lat' dir='ltr'>Patres</span> <span class='ocrx_word' id='word_1_190' title='bbox 801 2708 873 2748; x_wconf 88' lang='lat' dir='ltr'>con·</span> 
     </span>
     <span class='ocr_line' id='line_1_31' title="bbox 192 2766 875 2912; baseline 0 -85"><span class='ocrx_word' id='word_1_191' title='bbox 192 2766 308 2850; x_wconf 87' lang='lat' dir='ltr'>scripti,</span> <span class='ocrx_word' id='word_1_192' title='bbox 322 2769 359 2832; x_wconf 92' lang='lat' dir='ltr'>C.</span> <span class='ocrx_word' id='word_1_193' title='bbox 377 2769 488 2833; x_wconf 78' lang='lat' dir='ltr'>Caesare</span> <span class='ocrx_word' id='word_1_194' title='bbox 502 2773 676 2850; x_wconf 89' lang='lat' dir='ltr'>imperatore</span> <span class='ocrx_word' id='word_1_195' title='bbox 684 2767 797 2912; x_wconf 66' lang='lat' dir='ltr'>pestum</span> <span class='ocrx_word' id='word_1_196' title='bbox 814 2766 875 2840; x_wconf 85' lang='lat' dir='ltr'>est;</span> 
     </span>
    </p>
   </div>
   <div class='ocr_carea' id='block_1_3' title="bbox 188 2849 871 2934">
    <p class='ocr_par' dir='ltr' id='par_1_5' title="bbox 188 2849 871 2934">
     <span class='ocr_line' id='line_1_32' title="bbox 188 2849 871 2934; baseline 0.006 -26"><span class='ocrx_word' id='word_1_197' title='bbox 188 2864 276 2914; x_wconf 83' lang='lat' dir='ltr'>antea</span> <span class='ocrx_word' id='word_1_198' title='bbox 288 2853 493 2917; x_wconf 89' lang='lat' dir='ltr'>tantummodo</span> <span class='ocrx_word' id='word_1_199' title='bbox 507 2849 670 2934; x_wconf 80' lang='lat' dir='ltr'>repulsum:</span> <span class='ocrx_word' id='word_1_200' title='bbox 697 2869 799 2933; x_wconf 84' lang='lat' dir='ltr'>emper</span> <span class='ocrx_word' id='word_1_201' title='bbox 811 2849 871 2912; x_wconf 81' lang='lat' dir='ltr'>illas</span> 
     </span>
    </p>
   </div>
   <div class='ocr_carea' id='block_1_4' title="bbox 0 0 1064 3942">
    <p class='ocr_par' dir='ltr' id='par_1_6' title="bbox 0 0 1064 3942">
     <span class='ocr_line' id='line_1_33' title="bbox 0 0 1064 3942; baseline 0 0"><span class='ocrx_word' id='word_1_202' title='bbox 0 0 1064 3942; x_wconf 95' lang='lat' dir='ltr'> </span> 
     </span>
    </p>
   </div>
  </div>
 </body>
</html>
