2117 3942
261 385 340 484 '388
427 400 437 409 “
491 384 746 459 Onam·
794 432 797 437 ·

261 518 358 561 nutem
378 497 447 560 nihil
464 500 554 562 habet
574 495 738 584 propositi,¹
755 491 862 582 praeter
875 498 949 565 con-²

261 579 409 640 tumeliam
429 602 439 653 ;
464 603 529 662 quae
553 585 576 642 si
600 582 772 663 petulantius
793 580 946 662 indatur,

260 663 427 722 convicium
444 681 455 735 3
475 664 499 722 si
515 662 661 738 facetius-3
680 663 828 724 urbanitas
848 666 962 725 nomia

258 757 351 801 natur.
403 789 406 795 .
683 770 687 776 ·

262 856 266 861 -
299 841 330 897 7.
351 819 452 901 Quam
476 822 596 905 quidem
620 839 732 904 partem
755 820 945 883 accusationis

257 900 412 962 admiratus
428 901 509 978 sum,
522 905 555 964 &
570 901 688 963 moleste
698 905 750 964 tuli
761 906 945 984 potissimum

258 980 317 1044 esse
339 981 474 1045 Atratino
496 983 615 1044 datam:
638 987 836 1064 nequeenim
858 983 945 1045 dece·

202 1069 205 1075 “
257 1062 330 1136 bat,
350 1083 445 1145 neque
464 1082 532 1124 aeras
551 1065 599 1125 iila
617 1062 804 1145 postulabat,
821 1082 917 1145 neque
930 1082 946 1138 ‚'

257 1143 288 1202 id
309 1143 389 1224 quod
405 1145 636 1206 animadvertere
676 1147 795 1204 oteratis
816 1144 942 1223 ,pudor

279 1225 420 1284 ariebatut
437 1227 540 1306 optimi
558 1165 888 1297 adolesientisjintali
902 1224 939 1282 ila

256 1243 318 1363 dim
342 1306 473 1365 oratione
490 1305 605 1367 versari.
631 1302 876 1384 Vellem-aliquis
902 1322 940 1364 ex

255 1385 342 1446 vobis
362 1383 567 1444 robustioribus
584 1386 659 1444 hunc
675 1382 870 1444 maledicendi
888 1384 938 1444 lo·

253 1484 320 1522 cum
334 1463 507 1544 suscepisset:
522 1465 668 1546 aliquanti)
684 1465 819 1537 liberius,
830 1463 863 1524 &
880 1463 942 1525 for·

253 1545 337 1616 tius,
364 1546 396 1604 &
414 1547 504 1625 magis
525 1566 608 1606 more
626 1543 723 1605 nostro
747 1543 943 1605 refutaremus

153 1626 158 1635 '
253 1619 352 1683 istaut·v
369 1625 561 1686 maledicendi
596 1627 751 1686 licentiam.
775 1620 939 1699 ¹Tecum,

253 1703 387 1765 Atratine
402 1750 413 1778 ,
430 1724 514 1788 agam
530 1706 657 1778 ¹leviits',
685 1704 764 1787 quod
782 1704 815 1764 &3
841 1705 939 1786 pudor

252 1801 317 1846 tuus
336 1785 502 1859 moderatur
510 1787 642 1846 'orationi
664 1804 737 1845 meae
753 1785 814 1858 ;-&
836 1800 939 1845 meum

250 1884 320 1949 erga
340 1885 390 1940 te,
410 1884 618 1949 parentemque
636 1882 740 1939 tuum,
758 1863 936 1950 heneficium

251 1949 326 2008 meri
343 1949 450 2008 debeo.
516 1947 531 1995 '·
699 1963 701 1966 '

258 2050 262 2060 ·
292 2028 323 2088 8.
345 2027 420 2087 Illud
435 2044 531 2089 tamen
550 2045 582 2089 te
596 2025 652 2087 esse
669 2025 853 2086 admonitum
878 2047 936 2087 vo·

248 2107 301 2167 10:
319 2112 460 2188 primum,
475 2109 627 2189 qualiter,
641 2108 730 2167 talem
742 2122 774 2166 te
789 2104 847 2167 effe
862 2110 936 2167 exis·

249 2188 354 2261 times3
373 2205 425 2261 ut,
443 2206 581 2268 quantum
600 2208 730 2268 aretum
754 2188 933 2268 turpitudine

249 2267 318 2326 abes
329 2284 463 2340 ,tantum
482 2286 512 2328 te
532 2291 549 2327 a
565 2267 722 2329 verborum
738 2267 873 2328 libertate
883 2267 934 2329 se·

247 2344 367 2430 jungas:
383 2347 488 2407 deinde
497 2364 508 2418 3
519 2364 551 2406 ut
562 2368 595 2408 ea
608 2352 637 2407 in
647 2349 770 2408 alterum
780 2366 819 2407 ne
834 2346 931 2421 dicas,

250 2448 313 2512 quae
333 2448 421 2510 quum
437 2429 489 2488 tibi
509 2427 582 2486 falso
605 2428 741 2510 responsa.
757 2424 814 2486 sint
833 2474 843 2503 ,
863 2445 931 2490 etu-

246 2509 355 2572 bescas.
376 2509 452 2589 Quis
473 2507 512 2568 esi
535 2512 611 2569 enirn
628 2527 648 2581 ς
662 2512 706 2581 cui
727 2511 776 2567 via
796 2506 849 2568 ista
870 2528 930 2568 non

245 2591 364 2673 pateat?
385 2593 434 2672 qui
451 2589 493 2649 isti
509 2590 605 2664 aetati,
623 2607 711 2670 atque
728 2585 930 2671 eti'am‘digni·

244 2675 294 2730 rati
319 2694 378 2732 non
409 2674 500 2752 possit
524 2670 611 2752 quim
636 2671 707 2730 velit
730 2669 927 2751 petulanter,

243 2753 370 2811 etiamsi
388 2753 447 2812 sine
465 2751 521 2812 ulla
540 2750 716 2833 suspicione,
735 2767 763 2809 at
784 2771 847 2809 non
866 2751 927 2811 sine

242 2849 413 2911 argumento
423 2831 643 2904 ‚maledicerei
658 2830 716 2908 Sed
729 2830 845 2890 istarum
859 2847 930 2912 par··

241 2911 313 2971 tium
333 2913 417 2994 culpa
435 2912 475 2975 est
495 2932 619 2989 eorum,-
640 2915 694 2996 qm
707 2929 747 2974 te·
757 2930 846 2994 agere
863 2928 928 2986 -yoe'
