2117 3942
329 357 433 428 Pno
456 358 507 428 M.
536 360 717 432 Cocio.
787 371 867 458 '395

184 470 276 535 ’ωιίιιο
285 493 374 557 tegra,
383 475 551 556 amoresaevo
558 475 702 558 fitutia...
710 475 759 538 Sic
769 481 869 555 enim,

184 554 300 617 ludices
309 576 344 628 ‚r
384 557 478 616 erietis
488 601 497 630 ,
508 557 610 636 quod,
621 578 710 637 quum
719 559 796 620 adid
806 561 867 621 loci

183 655 319 709 venero,
337 657 357 696 ο
382 639 512 709 endam,
533 639 605 696 hanc
624 638 778 700 Palatinam
795 640 869 702 Me·

183 714 293 792 deam,
315 718 580 798 migrationemque
603 717 668 777 huic
692 719 868 783 adolescenti

184 795 296 856 causam
312 798 375 856 sive
394 798 539 857 malorum
559 801 712 874 omnium,
728 803 788 862 sive
805 822 867 884 po·

184 878 237 937 tius
255 876 421 938 sermonum
440 873 531 936 fuisse.

193 998 199 1015 ,
226 973 273 1035 19.
288 955 495 1036 Quamobrem
511 956 580 1030 illa,
591 978 654 1038 quae
669 977 706 1018 ex
720 958 868 1022 accusato·

184 1055 248 1097 rum
263 1038 398 1098 oratione
414 1040 577 1118 praemuniri
592 1036 653 1117 jam
665 1082 678 1110 ,
690 1039 723 1098 δι
738 1037 807 1121 fingi
820 1042 869 1101 in·

184 1116 376 1199 tessigebam‚
394 1116 485 1178 fretus
503 1116 598 1178 vestra
618 1118 793 1199 prudentia,
812 1119 868 1180 Ju-

179 1196 264 1259 ·‹iices
276 1242 287 1273 ,
299 1219 362 1258 non
374 1197 556 1278 pertimesco.
570 1197 698 1260 Aiebant
712 1201 789 1260 enim
802 1197 868 1262 sote

186 1275 287 1338 uestem
300 1278 484 1352 senatorem,
499 1281 548 1360 qui
562 1277 591 1340 se
606 1277 760 1359 pontificiis
774 1281 868 1340 tomi·

186 1359 230 1417 tiis
242 1357 384 1442 pulsamm
397 1381 414 1419 a
428 1358 526 1421 Coelio
544 1360 672 1421 diceret:
687 1382 706 1420 a
718 1381 777 1440 quo
791 1380 872 1440 quae·

171 1446 272 1512 tam,
286 1441 310 1499 si
324 1439 488 1521 prodierit,
504 1442 629 1520 primum
646 1461 696 1501 cut
710 1439 804 1500 statim
821 1442 871 1500 ni·-

186 1517 224 1580 hil
236 1522 348 1602 egerit:
358 1520 484 1594 deinde,
494 1523 518 1579 si
531 1520 561 1579 id
573 1523 670 1602 queri,
681 1521 770 1602 quam
780 1540 869 1601 agere

187 1599 342 1672 maluerit,
360 1621 411 1660 cur
430 1600 585 1682 productus
603 1624 620 1661 a
641 1601 730 1663 vobis
752 1604 870 1683 potius,

187 1680 275 1762 quam
292 1679 419 1761 ipseper
434 1679 485 1742 set
499 1701 550 1740 cut
567 1681 650 1741 tanto
666 1680 731 1761 post
771 1685 872 1755 otius,

187 1760 275 1842 quam
295 1762 459 1836 continuo,
479 1761 562 1841 queri
581 1761 724 1821 maluerit.
748 1704 779 1822 Ei
797 1762 870 1823 mihi

188 1841 224 1901 ad
250 1842 314 1901 haec
338 1842 451 1914 acute,
479 1840 637 1922 arguteque
663 1840 871 1921 responderit,

188 1937 248 1980 tum
267 1942 394 2002 quaeram
415 1921 562 2002 denique,
581 1941 618 1980 ex
637 1941 696 1999 quo
716 1919 768 1980 iste
785 1919 871 1982 sonte

187 2000 301 2062 senator
324 2019 441 2062 emanet
462 2022 469 2058 :
490 2021 559 2059 nam
580 2001 604 2058 si
622 1999 682 2079 ipse
707 2002 814 2061 orietur
836 2002 870 2060 δι

188 2081 316 2143 nascetur
330 2102 365 2142 ex
383 2080 462 2153 sese,
482 2077 619 2152 sortasse,
633 2096 664 2138 ut
677 2078 777 2151 soleo,
792 2101 873 2141 com·

187 2162 352 2224 movebor:
365 2164 408 2221 sin
423 2180 545 2233 autem,
562 2178 593 2220 ut
611 2161 740 2234 rivulus,
753 2163 873 2223 arcessi·

188 2259 233 2302 tus
256 2243 289 2303 &
313 2241 412 2302 dusius
433 2240 548 2322 abipso
566 2242 660 2322 capite
685 2241 874 2303 accusationis

187 2321 310 2395 vestrae3
331 2323 452 2382 laetabor
465 2366 476 2394 ‚
491 2342 581 2402 quum
597 2321 677 2383 tanta
696 2323 787 2405 gratia
802 2340 873 2382 tan-

188 2402 279 2484 tisque
307 2403 412 2483 opibus
440 2401 580 2463 accusatio
610 2401 704 2464 vestra
737 2406 873 2473 nitatur,

188 2504 278 2543 unum
303 2481 468 2544 senatorem
487 2482 581 2543 solum
605 2480 690 2557 esse,
713 2485 763 2563 qui
783 2482 874 2543 vobis

191 2561 342 2646 gratificari
357 2564 470 2635 vellet,
489 2564 651 2622 inventum.

231 2662 282 2704 20.
298 2643 363 2704 Nec
375 2661 476 2704 tamen
485 2641 557 2701 illud
570 2661 660 2722 genus
671 2640 794 2700 altemm
807 2659 877 2700 noc·

189 2738 341 2785 tumorum
349 2723 465 2785 testium
474 2721 662 2803 pertimesco:
675 2718 715 2781 est
727 2721 875 2781 enimdic·

190 2819 254 2864 tum
273 2804 312 2864 ah
332 2804 417 2879 illie,
439 2803 507 2865 fote
530 2804 580 2883 qui
600 2801 752 2874 dicerent,
770 2822 878 2862 uxores

190 2883 274 2962 stas,
289 2906 308 2947 a
324 2905 411 2964 coena
430 2884 588 2953 tedeuntes
602 2927 616 2959 ,
632 2880 798 3024 attractata»
816 2881 878 2945 affe
934 2956 937 2963 ¹

734 2983 770 3044 v)
