2117 3942
108 2740 112 2753 =
243 2717 330 2794 pthus
355 2714 412 2777 esse
440 2715 656 2777 adolescentem
683 2737 744 2776 non

244 357 325 454 386
417 354 678 426 tonario
754 359 758 367 ’

242 469 392 538 trahenda
417 466 632 551 spoliandaeque
665 465 809 552 dignitatis
840 467 935 559 grati}

247 551 398 625 dixerunt,
420 553 545 632 primum
565 550 769 632 respondeam.
787 547 935 626 Obrestus

244 629 289 692 est
306 648 388 713 pater
403 634 503 706 varie,
521 631 601 713 qubd
618 649 666 691 aut
684 650 787 712 parum
800 629 933 710 splendi-

244 711 299 770 dus
317 711 399 793 ipse,
420 727 469 775 aut
488 732 589 793 parunt
612 712 659 792 pie
677 709 811 770 tradatus
831 732 848 770 a
870 709 934 776 filio

245 791 399 854 diceretur.
425 790 476 852 De
500 792 638 875 dignitate
663 789 774 852 Coelius
797 793 876 851 notis
897 813 935 856 at

244 871 405 950 majoribus
421 889 511 947 natu,
526 875 615 933 etiam
626 873 688 932 sine
703 890 769 932 mea
779 873 934 948 oratione,

244 955 368 1028 tacitus,
388 952 469 1014 facile
484 951 546 1094 {pse
559 952 735 1033 respondet:
753 951 859 1090 Quibus
879 974 935 1048 au·

244 1030 934 1185 fitutia,tiriissfitt‘tffittff„³0¹2

243 1196 328 1275 aeque
348 1193 389 1255 est
406 1196 537 1277 cognitus
554 1214 564 1267 ;
582 1194 613 1253 hi
629 1195 667 1252 sic
687 1193 831 1252 habeant:
848 1213 933 1274 quae·

229 1295 370 1356 tumque
390 1277 420 1334 in
444 1278 539 1356 equite
563 1273 699 1335 Romano
720 1273 852 1368 dignitas·
873 1270 933 1337 effe

244 1352 934 1516 ddisti?iffiptiiffiirffffiit

243 1512 406 1587 summam,
423 1514 570 1595 hodieque
591 1514 718 1587 haberi,
736 1513 903 1577 noosoliun
916 1536 936 1577 a

242 1592 320 1668 suis,
340 1592 391 1654 sed
411 1598 499 1655 etiarn
515 1595 552 1655 ab
570 1596 725 1668 omnibus,
743 1595 849 1676 quibus
873 1616 936 1677 po·

243 1676 335 1736 tuerit
349 1675 445 1755 aliqua
461 1675 498 1736 de
515 1674 596 1736 causa
609 1671 666 1737 effe
682 1690 779 1735 notus.

286 1775 316 1828 4
328 1753 437 1836 Equitio
447 1774 545 1816 autem
554 1754 680 1815 Romani
690 1752 748 1816 effe
758 1753 853 1816 filiurn
862 1755 936 1828 ,cti-

244 1836 331 1895 minis
347 1835 417 1895 loco
438 1839 510 1914 poni
525 1835 562 1896 ab
579 1835 809 1909 accusatoribus,
833 1853 934 1916 neque

245 1915 289 1976 his
307 1914 497 1996 judicantibus
522 1939 542 1976 o
565 1920 679 1988 ortuit,
703 1936 800 1997 neque
825 1914 935 1975 defen-

243 1997 381 2056 dentibus
406 1998 500 2058 nobis.
556 2018 631 2071 arn,
655 1996 736 2075 quod
760 1995 798 2055 de
821 1997 933 2074 pietate

141 2059 148 2081 ⁸
244 2075 351 2136 dixistis
369 2121 380 2148 ‚
401 2075 443 2137 est
462 2077 581 2159 quidem
599 2076 650 2136 ista
664 2069 761 2137 nostra
784 2073 933 2136 existima-

242 2158 308 2228 tio,
327 2155 376 2215 sed
391 2153 528 2235 judicium
541 2157 619 2246 certe
629 2158 772 2237 patentisa
788 2156 864 2295 guid
874 2177 932 2218 nos

241 2237 418 2315 opinemur,
430 2240 551 2298 audietis
564 2258 600 2297 ex
611 2237 708 2316 juratis
717 2258 726 2296 z
736 2235 786 2317 qui
822 2256 934 2316 paren·

243 2329 290 2374 tes
308 2313 450 2388 sentiant,
470 2319 607 2396 lacrymae
624 2318 721 2376 matris
740 2317 945 2378 incredibilis·v

267 2413 303 2455 ue
320 2413 429 2453 tnoeror
448 2438 457 2468 ,
475 2395 588 2476 squalor
608 2399 696 2476 patris
719 2395 750 2458 δι
768 2395 833 2456 haec
855 2417 933 2478 prte-

245 2494 318 2618 dtt}
333 2473 484 2551 rnoestitia,
507 2497 595 2558 quarn
618 2476 760 2552 cernitis,
781 2476 931 2560 luteosque

268 2577 300 2618 ec
313 2571 382 2616 arat.

243 2660 250 2694 t
283 2638 317 2718 5.
334 2635 434 2711 Nam,
450 2634 531 2718 qood
551 2633 593 2696 est
612 2634 781 2715 objediutm
802 2634 931 2696 munici-

266 2717 274 2731 ·
792 2716 931 2778 robatum

114 2809 119 2813 ·
243 2793 320 2868 suis3
339 2798 447 2856 nemini
465 2820 514 2857 um
535 2818 603 2858 uant
627 2737 931 2877 prasentid'uteolani

242 2818 808 2960 majoreshonotesdtabuetunt,qu*atu
819 2876 932 2941 absenti
