2117 3942
233 373 310 467 4&
423 371 694 441 -orarro

233 486 370 548 Clodiam
389 484 476 559 dixit,
488 504 575 567 atque
590 488 630 545 ita
640 483 768 545 Coelium
783 482 820 543 ad
837 484 919 544 illam

232 565 350 627 attulisse
366 608 376 638 ,
394 564 423 625 se
444 566 481 625 ad
502 580 636 626 ornatum
657 565 792 626 ludorum
816 587 920 625 aurum

232 666 370 726 quaerere.
398 644 427 705 Si
446 663 505 705 tam
525 645 671 705 familiaris
689 661 750 704 erat
773 641 919 718 Clodiae,

232 726 318 806 quiam
341 744 371 784 tu
392 723 448 785 effe
465 727 530 798 vis,
551 746 639 804 quum
657 725 694 784 de
710 723 830 784 libidine
854 724 922 804 ejus

232 823 294 865 tam
312 805 401 864 multa
417 806 506 878 dicis,
519 805 591 864 dixit
605 803 757 884 profellb,
776 805 837 882 qui>
852 805 923 864 vel*

232 886 275 946 let
289 906 404 944 aurum:
422 888 514 944 sitam
529 885 675 944 familiaris
687 905 747 943 non
759 900 822 943 erat
833 927 843 956 ,
856 905 918 944 non

235 964 330 1024 dedit.
351 964 395 1024 lta
416 967 439 1023 si
457 983 560 1025 verum
579 965 631 1023 tibi
653 961 763 1024 Coelius
787 963 880 1038 dixit,
900 965 921 1023 ὃ

235 1045 427 1106 immoderata
441 1045 561 1114 mulier,
573 1041 663 1104 sciens
676 1060 818 1102 maurum
832 1042 869 1102 ad
883 1042 923 1103 fa·

236 1127 317 1185 cinus
343 1121 470 1185 dedisti:
494 1125 601 1185 sinon
627 1121 669 1185 est
691 1121 770 1183 ausus
793 1122 921 1198 dicere,

237 1226 299 1265 non
319 1203 430 1265 dedisti.
560 1238 564 1245 ·
687 1215 690 1222 ’

211 1326 213 1336 ·
257 1344 260 1349 ,
279 1283 383 1344 ΧΧΙΙ
400 1283 498 1362 ¹Quid
508 1303 565 1365 ego
579 1300 656 1342 nunc
668 1285 844 1364 argumentis
855 1283 923 1342 huic

237 1366 378 1439 crimini,
402 1384 466 1444 quae
490 1362 553 1423 sunt
574 1363 791 1425 innumerabilia
808 1391 818 1436 ,·
839 1366 926 1422 resis-

237 1443 316 1504 tam?
332 1442 444 1523 possum
457 1442 573 1515 dicere,
587 1464 685 1503 mores
699 1442 744 1502 M.
756 1440 844 1502 Coelii
857 1443 926 1503 lon·

239 1524 354 1614 gissime
373 1546 388 1582 a
405 1524 476 1580 tanti
488 1522 601 1582 sceleris
617 1524 765 1582 atrocitate
785 1519 842 1583 effe
863 1523 927 1582 dis·

237 1602 371 1684 Juncl0s3
389 1603 506 1662 minime
520 1599 576 1662 elle
594 1603 794 1675 credendum,
812 1603 925 1662 homini

238 1701 299 1745 tam
319 1681 467 1766 ingenioso
487 1699 604 1762 tamque
629 1681 764 1762 prudenti
790 1703 850 1742 non
868 1703 928 1742 ve-

239 1761 308 1824 nille
326 1767 355 1822 in
377 1780 526 1835 mentem,
544 1782 606 1822 rem
622 1764 694 1823 tami
707 1761 819 1822 sceleris
840 1765 928 1842 igno·

240 1847 277 1902 tis
294 1842 446 1924 alienisque
465 1843 552 1903 servis
571 1863 631 1903 non
650 1839 706 1902 effe
726 1841 927 1902 credendam:

205 1944 209 1949 “
239 1921 352 2005 polium
372 1926 458 1985 etiam
474 1922 521 1981 illa
539 1923 579 1982 .&
597 1936 926 2000 ceterorum-patrono-

240 2025 327 2076 rum,
346 2005 376 2063 &
391 2003 455 2063 mei
469 2001 693 2072 consuetudine,
707 2002 743 2060 ab
761 2001 927 2061 accusatore

265 2086 433 2162 erquirere,
453 2083 500 2141 ubi
518 2085 553 2141 sit
574 2079 737 2162 congressus
755 2102 822 2140 cum
839 2081 931 2141 servis

240 2104 358 2221 lucceii
380 2161 515 2222 Coelius:
538 2164 588 2240 qui
608 2164 635 2221 ei
656 2160 741 2220 fuerit
761 2161 879 2220 aditus:
906 2164 930 2220 si

242 2261 296 2322 per
313 2239 361 2313 se,
381 2244 436 2320 qul
449 2241 634 2302 temeritate?
651 2243 673 2299 si
687 2241 857 2320 petatium,
876 2261 930 2319 per

242 2340 331 2400 quem
353 2321 363 2378 ἓ
383 2318 501 2399 possum
523 2340 627 2379 omnes
645 2320 768 2382 latebras
791 2319 929 2400 suspicio·

244 2405 316 2463 num
332 2419 483 2482 peragrare
499 2399 645 2460 dicendo:
665 2418 725 2460 non
745 2399 847 2472 causa,
867 2421 931 2459 non

245 2483 348 2553 locus,
371 2501 431 2539 non
453 2477 600 2552 facultas,
619 2500 679 2538 non
698 2479 845 2550 conscius,
867 2501 930 2539 non

245 2559 411 2643 perficiendi
424 2580 506 2634 ,non
523 2560 687 2620 occultandi
702 2557 835 2618 maleficii
845 2559 931 2638 spes,

246 2663 307 2703 non
323 2644 394 2701 ratio
409 2640 485 2712 ulla,
505 2661 567 2701 non
585 2639 735 2722 vestigium
752 2641 869 2698 maximi
887 2640 932 2700 fa·

248 2742 351 2786 cmorrs
371 2739 539 2800 reperietur.
600 2742 604 2749 ·

291 2817 336 2884 54·
361 2799 420 2864 Sed
438 2801 499 2864 haec
517 2845 527 2876 ,
547 2821 610 2882 quae
631 2799 694 2861 sunt
714 2800 837 2862 oratoris
859 2799 931 2883 proi
