2117 3942
327 374 433 444 Pao
457 373 508 442 M.
534 374 720 443 Cocio.
786 379 867 467 '397

185 487 227 550 trs
239 508 248 548 τ
262 505 293 548 ut
311 490 420 551 eodem
439 504 581 569 tempore¹
603 489 634 547 ὃ(
657 488 739 568 hujus
763 489 842 550 saluti
854 518 870 564 ‚·

185 570 216 631 ἃ
231 570 366 707 relifiioni
381 568 502 641 vestra,
515 569 547 627 &
566 585 664 627 contra
681 572 867 649 periculosis-

185 652 269 710 simas
306 653 437 711 ominum
458 651 604 729 potentias
621 650 779 711 conditioni
799 672 864 711 om-

144 760 147 765 ·
184 732 260 790 nium
280 731 387 789 civium
408 727 564 810 providisse
586 728 753 790 videamini.
777 730 800 792 Ε
822 735 869 790 ui·

185 810 251 870 dem
272 831 328 872 vos
347 811 489 870 abducam
509 830 525 866 a
542 806 681 881 testibus;
699 753 868 889 nequeltu-

184 887 226 969 jus
247 888 346 966 judicii
364 892 546 959 veritatem,
570 909 633 967 quae
657 893 759 949 mutari
786 893 868 952 nullo

183 971 275 1030 modo
294 969 409 1051 potest,
425 973 455 1029 in
475 969 626 1028 voluntate
643 967 754 1028 testium
773 972 866 1031 collo-

184 1054 239 1110 cari
257 1052 349 1110 sinam
361 1073 371 1123 ;
385 1073 448 1131 quae
463 1047 596 1108 facillime
610 1044 701 1129 fingi,
719 1051 797 1110 nullo
814 1071 868 1112 ne·

184 1135 265 1212 gotio
290 1131 367 1191 flecti
394 1153 427 1190 ac
451 1130 619 1208 detorqueri
643 1128 758 1208 potest:
777 1151 867 1212 argu-

184 1214 287 1272 mentis
308 1231 451 1292 agemus:
472 1212 559 1288 signis
580 1212 660 1268 omni
678 1211 741 1269 luce
764 1213 867 1272 clario-

184 1291 258 1351 ribus
286 1295 404 1351 crimina
430 1289 618 1350 refellemus:
639 1311 685 1349 res
715 1312 780 1350 cum
809 1311 866 1364 re,

184 1371 264 1432 causa
284 1393 351 1432 cum
369 1371 475 1445 causa,
494 1371 567 1430 ratio
586 1391 653 1429 cum
676 1374 792 1432 ratione
808 1392 868 1453 pu-

184 1454 291 1534 gnabit.
593 1514 595 1519 ,

221 1533 261 1592 Χ.
277 1532 378 1612 ltaque
393 1531 472 1592 illam
489 1549 602 1613 partem
616 1531 704 1592 causae
719 1532 802 1593 facile
816 1555 870 1614 pa·

184 1615 238 1673 tior
261 1617 387 1695 graviter
409 1615 441 1673 &
463 1613 564 1672 ornate
585 1635 601 1671 a
624 1614 669 1672 Μ.
689 1613 788 1674 Crasso
809 1613 869 1676 esse

185 1713 369 1773 peroratam,
385 1693 422 1754 de
441 1692 625 1752 seditionibus
645 1693 868 1773 Neapolitanis,

186 1774 221 1834 de
236 1773 500 1834 Alexandrinorum
516 1771 675 1851 pulsatione
690 1773 867 1848 Puteolana,

185 1854 221 1914 de
238 1855 323 1914 bonis
343 1853 438 1913 Pallae.
465 1853 586 1912 Vellem
611 1853 718 1912 didum
744 1853 866 1914 essetab

187 1935 292 1994 eodem
313 1937 398 1993 etiam
419 1935 455 1993 de
473 1932 594 1992 Dione:
608 1934 645 1991 de
664 1955 723 2011 quo
743 1934 804 2013 ipso
821 1951 868 1994 ta·

185 2034 252 2075 men
269 2013 413 2093 quidest,
429 2014 509 2094 quod
526 2012 714 2092 exspesletis3
729 2015 809 2094 quod
825 2017 866 2088 is,

186 2098 233 2175 qui
251 2094 340 2167 fecit,
360 2112 407 2154 aut
428 2116 487 2153 non
505 2096 612 2166 timet,
636 2111 684 2152 aut
708 2098 795 2159 etiam
818 2094 867 2154 sa·-

185 2175 282 2234 tetur?
302 2173 342 2233 est
358 2178 435 2235 enim
454 2194 539 2246 reus,
559 2177 607 2253 qui
620 2173 701 2251 hujus
716 2175 805 2234 didus
825 2175 867 2236 est

187 2254 353 2332 &adjutor
374 2253 478 2325 fuisse,
503 2255 534 2313 &
555 2253 705 2328 conscius,
729 2255 760 2315 P.
781 2256 868 2315 Asci-

186 2338 260 2406 tius;
277 2338 303 2394 is
318 2334 425 2413 judicio
445 2333 485 2394 est
504 2334 649 2395 liberatus.
671 2336 763 2416 Quod
783 2339 867 2417 igitur

187 2413 225 2474 est
242 2414 403 2493 hujusmodi
422 2418 552 2488 crimen,
570 2433 621 2488 ut,
657 2421 685 2475 ui
704 2419 869 2486 commisit,

186 2515 245 2555 non
263 2516 371 2578 negem,
387 2499 435 2577 qui
451 2499 587 2575 negavit,
602 2438 746 2555 absolutus
766 2499 801 2554 sit
814 2517 822 2566 3
836 2495 868 2554 id

186 2574 229 2634 hic
246 2577 448 2655 pertimescat,
465 2577 512 2658 qui
537 2595 598 2633 non
619 2576 709 2633 modi>
730 2597 746 2633 a
765 2574 868 2648 fado,

186 2659 287 2715 vetum
307 2661 394 2718 etiam
411 2679 427 2716 a
448 2652 627 2715 conscientiae
643 2654 800 2734 suspicione
818 2656 870 2714 ab·

187 2733 260 2795 suit?
282 2747 335 2809 &,
355 2740 377 2796 si
406 2735 514 2796 Ascitio
543 2733 622 2792 causa
649 2735 712 2814 plus
736 2733 868 2814 profuit,

187 2816 271 2893 quim
299 2819 396 2876 nocuit
420 2815 553 2886 invidia,
581 2813 646 2873 huic
670 2815 765 2873 oberit
788 2832 869 2876 tuum
947 2836 952 2848 ·

188 2895 395 2972 maledidium,
420 2898 470 2979 qui
494 2893 570 2955 istius
597 2893 662 2956 fatli
688 2916 750 2956 non
776 2896 870 2959 modo
