2117 3942
337 267 395 319 ιη
419 249 456 318 L.
481 250 726 321 Pisonen.
791 250 867 344 485
977 262 979 266 ’

189 365 410 460 vitaepericulis
428 363 676 443 complemus,
732 385 781 427 um
803 380 870 423 mu·

189 446 295 525 nIcipra
312 467 365 526 pro
380 465 428 505 me
450 442 569 517 adiret,
588 442 676 506 Italiae
716 446 783 506 dem
809 447 870 504 im-

211 525 340 598 loraret,
355 524 387 584 P.
404 524 530 585 Lentulo
551 521 676 599 consuli,
695 525 801 586 ausiori
818 523 868 584 sa-

187 546 253 663 Idtis
265 625 338 665 meae
348 650 358 675 ,
368 604 504 684 frequens
517 602 668 676 assideret,
681 603 788 665 senami
798 604 866 665 sen·

187 686 310 744 tentiam
338 683 511 764 praestaret,
535 682 565 740 in
591 686 776 744 concionibus
802 705 865 745 non

186 763 281 824 modo
310 763 342 822 se*
362 759 545 822 defensorem
568 760 660 822 salutis
683 783 785 837 meae,
812 763 865 824 sed

186 842 446 923 etiamsupplicem
460 863 514 922 pro
532 861 580 902 me
593 841 795 922 profiteretur3
811 844 866 903 hu·

187 921 233 1001 jus
254 923 412 984 voluntatis
425 930 491 982 'eum
511 966 521 994 ‚
543 943 631 1001 quem
648 923 770 982 multum
785 921 866 1003 poll'e

187 1002 387 1083 intelligebat,
407 1002 476 1060 mihi
496 1022 556 1060 non
574 1004 720 1061 inimicum
735 999 791 1063 else
810 1022 867 1062 co·

182 1099 311 1221 rpnorat,
327 1080 435 1142 socium
450 1081 504 1140 sibi
520 1082 552 1140 δι
568 1079 732 1161 adjutorem
744 1079 783 1141 C.
798 1078 866 1142 (Ζε-

199 1181 278 1221 arem
298 1160 436 1240 adjunxit
462 1160 527 1222 Iam
543 1162 625 1222 vides
641 1181 713 1234 ‚me
733 1161 785 1221 tibi
803 1180 865 1222 non

187 1243 335 1301 inimicum
355 1286 365 1316 ,
386 1241 435 1302 sed
454 1240 593 1315 hostem;
619 1243 699 1315 illis,
721 1261 795 1322 quos
814 1240 866 1302 de·

163 1350 165 1353 ·
185 1320 283 1380 scribis
294 1367 303 1396 ,
314 1344 374 1382 non
393 1321 484 1382 modo
498 1344 559 1384 non
576 1326 701 1396 iratum,
715 1319 866 1383 sedetiam
880 1368 882 1375 .

187 1406 313 1461 amicum
335 1401 391 1463 else
412 1403 545 1463 debere:
569 1423 694 1485 quorum
715 1403 810 1475 alter,
835 1401 866 1462 id

187 1481 268 1562 quod
288 1485 448 1542 meminero
467 1481 607 1562 semper,
624 1484 705 1564 aeque
722 1483 793 1543 mihi
811 1480 865 1542 suit

188 1565 318 1635 amicus,
338 1583 371 1622 ac
384 1561 454 1632 s1bi3
471 1563 560 1631 alter,
576 1563 606 1620 id
619 1563 698 1660 quod
716 1560 867 1622 obliviscar

187 1642 342 1722 aliquando
353 1687 363 1715 ‚
374 1642 428 1699 sibi
440 1642 577 1712 amicior,
586 1662 673 1722 quam
683 1643 761 1701 mihi.
773 1640 869 1702 Dein*

188 1722 227 1782 de
246 1722 302 1781 hoc
314 1724 354 1781 ita
369 1719 420 1792 fit,
437 1737 468 1779 ut
486 1721 542 1781 viri
554 1719 665 1794 sortes,
683 1723 794 1781 etiamsi
804 1721 867 1781 fer·

186 1823 222 1862 ro
239 1803 314 1861 inter
326 1799 354 1861 se
368 1803 498 1861 cominus
514 1799 704 1873 decertarint,
720 1803 817 1860 tamen
832 1802 867 1861 il·

185 1881 237 1942 lud
252 1881 446 1941 contentionis
458 1881 560 1939 odium
572 1881 656 1939 slmul
668 1901 734 1939 cum
747 1880 804 1960 ipsa
815 1902 865 1960 pu·

186 1983 262 2045 gna,
273 1959 411 2041 armisque
422 1977 543 2039 ponant.
552 1961 650 2041 Atque
661 1981 708 2021 me
718 1960 766 2020 ille
777 1959 866 2023 odisse

185 2061 343 2120 numquam
363 2043 477 2121 potuit,
492 2059 603 2100 netum
621 2041 759 2120 quidem,
775 2062 865 2121 quum

185 2121 403 2182 dissidebamus.
421 2120 517 2181 Habet
534 2123 591 2181 hoc
606 2123 695 2181 virtus
709 2119 818 2203 (quam
832 2138 864 2182 tu

184 2223 223 2262 ne
239 2202 275 2262 de
288 2200 359 2261 facie
377 2201 492 2284 quidem
508 2201 579 2264 nosti
595 2200 609 2284 )
627 2220 657 2261 ut
674 2204 752 2261 viros
771 2201 864 2261 sortes

184 2281 293 2363 species
311 2280 394 2364 ejus,
409 2283 636 2362 &pulchritudo
649 2284 738 2342 etiam
752 2284 783 2339 in
792 2281 866 2340 hos·

185 2379 215 2422 te
235 2364 328 2440 posita
349 2361 484 2421 delesset.

227 2438 401 2500 XXXIII.
427 2439 568 2519 Equidem
587 2440 682 2499 dicam
693 2459 730 2500 ex
747 2441 864 2514 animo,

185 2518 285 2578 Patres
305 2517 477 2656 conscripti,
495 2520 576 2599 quod
594 2518 708 2591 sentio,
731 2520 763 2579 δι
782 2521 864 2602 quod

185 2599 272 2658 vobis
290 2597 414 2657 audienti
436 2619 467 2657 us
483 2597 557 2678 saepe
575 2597 633 2675 jam
654 2599 721 2658 dixi.
746 2599 776 2662 Si
793 2602 863 2663 mihi

185 2698 342 2758 numquam
365 2680 472 2737 amicus
493 2676 532 2738 C.
553 2677 648 2739 Caesar
670 2678 789 2754 suisset,
810 2682 862 2744 sed

184 2758 298 2841 semper
316 2760 402 2820 iratus
423 2779 432 2819 ι
454 2759 477 2820 si
488 2758 688 2842 aspernaretur
707 2765 862 2825 amicitiam

665 2839 742 2923 Xiij
