2117 3942
259 380 337 472 '4⁶2
484 375 716 445 Ortmo

258 495 312 553 bus
326 503 487 561 torreatur,
508 488 647 549 diehtrum
661 506 783 560 tamen,
799 487 890 550 suave
901 489 944 549 il·

256 572 307 633 iud
332 568 416 643 effe,
444 568 560 650 seseque
590 590 627 629 ne
654 567 797 628 tantulum
824 570 944 649 quidem

255 651 458 711 commoveri:
478 666 589 708 ramam
606 651 719 708 virtutis
735 645 792 707 effe
811 652 876 708 vim
889 672 946 710 vo·

256 733 394 801 luerunt,
418 746 526 789 utnon
547 726 639 811 poiiet
657 747 795 809 umquam
813 729 872 789 effe
900 734 943 792 vir

256 813 351 871 bonus
370 831 430 870 non
443 809 556 869 beatus.
581 809 660 888 Quae
676 806 718 869 est
729 809 815 890 igitur
834 809 941 890 poeoa?

256 891 338 972 quod
364 888 565 1028 supglicium?
590 889 650 960 id,
675 888 742 948 mei
766 886 944 964 sententie,

256 971 338 1052 quod
350 973 413 1030 acci
433 989 481 1030 ere
494 970 601 1029 nemini
614 965 708 1048 potest
719 1011 728 1040 ,
739 968 794 1026 nisi
809 973 941 1043 nocenti,

254 1050 383 1130 suscepta
399 1048 475 1109 fraus
486 1093 497 1120 ,
509 1047 649 1129 impedita
664 1048 695 1108 Β(
714 1046 852 1127 oppressa
863 1069 941 1110 mens

255 1129 457 1201 conscientie,
480 1129 629 1190 bonorum
654 1128 785 1187 omnium
813 1128 939 1204 odium,

252 1205 865 1351 mittffltiiss‘ssssrssffjtiffisff*
896 1308 938 1350 em

253 1332 527 1450 Carthaginienses,
547 1307 937 1451 reseffisr'ralpegbrisssiqlliga-

253 1466 317 1508 rum
340 1452 369 1507 in
393 1448 547 1519 maehina,
566 1450 599 1506 ·vi
621 1447 720 1506 ilarido
742 1465 935 1520 necaverunt,

250 1527 394 1608 supplicio
409 1528 523 1587 videtur
540 1468 675 1599 arseium
689 1547 744 1588 nec
760 1525 799 1588 C.
815 1529 936 1602 Marius,

176 1648 189 1669 κ,
256 1628 345 1688 quem
361 1606 442 1667 Italia
453 1606 563 1669 servata
581 1609 618 1667 ab
636 1607 708 1681 illo,
727 1607 890 1670 demersum
909 1613 935 1670 io

250 1687 502 1749 Minturnensium
517 1688 688 1768 paludibus,
707 1686 811 1749 Africa
827 1689 933 1751 deviet

257 1770 294 1829 ab
310 1770 438 1842 eodem,
456 1768 604 1849 expulsum
621 1768 654 1828 &
666 1767 837 1850 naufragum
853 1771 934 1830 vidir:

256 1848 380 1909 fortune
398 1851 475 1909 enim
491 1847 542 1908 issa
560 1850 618 1909 tela
636 1847 700 1907 sunt
717 1892 728 1921 ,
748 1870 811 1908 non
829 1851 916 1931 oulpae
926 1870 934 1921 ;

251 1929 424 2010 -iirppiicium
437 1948 534 1990 autem
545 1928 586 1989 est
599 1949 685 2009 poena
695 1931 819 2009 peccati.
836 1929 935 2011 Neque

249 2011 329 2069 verb
337 2031 413 2091 ego,
427 2013 449 2069 si
457 2030 594 2091 umquam
603 2007 688 2068 vobis
700 2009 777 2068 mala
788 2010 935 2090 precarer,

250 2090 337 2167 ¹quod
358 2089 431 2169 saepe
455 2089 508 2149 feci
520 2134 532 2162 ,
553 2091 582 2148 in
607 2110 667 2169 quo
684 2087 737 2148 Dii
759 2090 933 2151 immortiles

248 2188 337 2226 meas
360 2189 463 2247 preces
487 2170 682 2241 audiverunt,
713 2170 873 2243 morbum,
890 2187 935 2229 aur

248 2264 458 2317 mortem,aut
468 2252 624 2309 cruciatum
634 2267 782 2328 precarer.
789 2249 935 2330 Thyestea

158 2327 159 2330 ’
249 2325 303 2388 ista
321 2325 475 2387 exsecratio
494 2327 555 2400 est,
573 2344 689 2408 poetae,
706 2329 788 2410 vulgi
806 2334 940 2401 animos,

251 2428 318 2471 uon
330 2405 509 2488 sapientum,
530 2411 677 2468 moventis
691 2428 698 2465 τ
959 2456 961 2463 .

355 2490 399 2549 Ur
420 2506 450 2548 tu
475 2486 619 2570 naufragio
644 2488 774 2568 expulfirs
794 2534 809 2562 ,
829 2492 931 2573 uspiam

390 2567 473 2647 saxis
485 2570 565 2646 fixus
583 2569 705 2648 asperis,

247 2688 250 2693 ·
355 2648 533 2727 Eviscerarus
557 2650 640 2708 latere
662 2650 822 2729 penderes,
844 2667 876 2710 ut
899 2650 933 2711 ait

392 2728 441 2789 iile
451 2772 461 2801 ,
472 2728 548 2807 fiexa
559 2731 692 2809 spargens
707 2729 793 2802 rabo,

354 2811 439 2869 Satrio
449 2853 460 2880 ,
470 2810 605 2890 longuino
621 2828 692 2868 arro.

247 2883 322 2948 Non
339 2886 446 2951 fertem
464 2892 585 2960 omnino
598 2886 748 2962 moleste„
759 2890 785 2949 si
802 2890 842 2950 ita
860 2888 933 2949 acci*
