2117 3942
187 368 268 462 484
402 363 641 436 -Onarro

187 479 304 552 suisset,
328 493 450 560 aut-ego
466 487 476 538 τ
497 478 567 537 nihil
585 488 660 558 opus
680 475 738 539 esse
761 481 883 554 armis,

187 561 256 622 nihil
274 562 482 620 contentione:
502 578 551 618 me
571 556 651 639 posse
665 559 770 619 iterum
791 579 866 620 rem·

186 641 330 721 publicam
349 638 483 712 servare,
504 638 527 698 si
546 636 707 698 cessissem:
727 637 865 700 infinitam

185 720 294 780 eaedem
311 718 397 792 sore,
412 721 435 779 si
454 715 627 778 restitissem:
644 717 751 778 deinde
765 721 804 778 ad
820 738 866 779 en·

185 816 333 873 tremum,
351 819 447 880 neque
459 799 488 859 se
499 844 508 872 ,
521 818 616 877 neque
630 818 792 878 generum,
814 820 865 860 ne·

185 901 243 961 que
263 879 339 940 colle
360 901 405 940 am
420 879 517 951 suum,
538 878 653 938 tribuno
666 877 761 958 plebis
783 879 865 939 defu-

185 976 291 1021 turum.
317 900 374 1019 Hic
392 976 446 1030 tu,
462 957 569 1031 hostis,
587 979 620 1017 ac
640 958 795 1039 proditor,
810 961 863 1018 aliis

185 1043 467 1162 me'itpimiciorem,
486 1037 572 1120 quiam
590 1038 661 1111 tibi,
681 1038 792 1100 debere
812 1037 862 1100 else

186 1121 280 1181 dicis.
862 1135 865 1165 ἑ
906 1177 907 1182 ,

227 1196 378 1259 ΧΧΧΙΙ.
400 1197 464 1280 Ego
483 1195 521 1258 C.
536 1195 679 1259 Caesarem
693 1197 861 1258 noneadem

185 1279 225 1339 ‹le
243 1280 389 1359 republica
405 1276 539 1352 sensisse,
556 1297 619 1358 quae
634 1297 704 1350 me,
724 1278 782 1337 scio
795 1274 863 1337 ised

185 1377 285 1420 tamen
295 1403 304 1432 ,
315 1357 403 1439 ‚quod
416 1355 475 1437 jam
489 1357 527 1417 ‹l‘e
541 1376 578 1416 eo
590 1400 600 1430 ,
612 1356 656 1416 his
669 1355 858 1429 audientibus,

185 1439 262 1518 saepe
281 1439 359 1510 dixi,
378 1457 426 1498 me
449 1437 497 1497 ille
521 1435 560 1495 sui
575 1439 663 1497 totius
684 1435 857 1507 consulatis,

186 1537 346 1598 eorumque
365 1516 534 1589 honorum,
551 1536 625 1596 quos
642 1536 709 1575 cum
732 1517 859 1598 proximis

184 1599 429 1669 communicavit,
446 1594 554 1656 socium
569 1594 625 1655 else
647 1597 766 1670 voluit,
784 1596 862 1656 detu-

184 1678 217 1737 lit
240 1722 249 1750 ,
273 1678 429 1750 invitavit,
450 1677 574 1757 rogavit.
606 1674 676 1735 Non
700 1677 763 1736 sum
783 1696 861 1758 ego,

184 1773 305 1838 propter
323 1759 440 1816 nimiam
463 1753 578 1816 sortasse
602 1755 770 1817 constantiae
790 1757 862 1835 cupi·

142 1900 146 1907 ,
186 1838 328 1910 ditarem,
342 1836 479 1896 adduslus
491 1837 527 1895 ad
545 1834 655 1895 causam
670 1858 677 1895 ι
695 1835 862 1917 non-postu·

184 1917 299 1990 labam,
320 1920 391 1977 utel
407 1919 565 1976 carissimus
582 1914 689 1987 essem,
711 1915 792 1996 cujus
810 1936 861 1996 ego

185 2017 223 2057 ne
252 1996 544 2136 beneficiisApuidem
572 1994 742 2056 sententiam
772 2016 860 2057 meam

185 2075 369 2146 tradidissem.
448 2075 530 2136 dubia
549 2095 594 2134 res
608 2078 636 2135 in
649 2094 819 2149 certamen,
836 2094 861 2135 te

186 2155 322 2228 consule,
340 2156 509 2236 putabatur,
527 2158 642 2227 uulnn,
659 2177 724 2236 quae
739 2155 862 2237 superio·

184 2254 216 2293 re
238 2256 315 2295 anno
333 2237 381 2295 ille
400 2233 549 2316 gessisset,
566 2253 742 2307 manerent,
763 2259 799 2296 an
822 2255 861 2295 re·

184 2313 391 2373 scinderentur.
415 2315 496 2394 Quid
516 2313 618 2394 loquar
631 2316 712 2394 plura
732 2315 743 2375 i
762 2320 787 2376 si
801 2333 861 2374 tan·

184 2412 247 2454 tum
265 2393 313 2453 ille
328 2394 357 2452 in
375 2413 423 2453 me
444 2393 499 2454 esse
517 2414 577 2452 uno
593 2395 705 2454 roboris
726 2397 759 2455 &
776 2399 860 2457 virtu·

184 2478 219 2535 tis
237 2476 349 2555 putavit
360 2519 369 2548 ,
380 2491 411 2532 ut
424 2493 477 2549 ea,
490 2494 552 2552 quae
566 2477 574 2532 i
597 2475 624 2535 se
638 2473 778 2556 gesserat,
791 2497 861 2535 con-

184 2555 342 2626 ciderent,
365 2557 387 2613 si
405 2574 463 2636 ego
483 2497 639 2615 restitissem
659 2576 668 2627 ;
688 2576 739 2616 cur
759 2558 787 2616 ei
804 2575 861 2614 non

182 2635 330 2714 ignoscam
357 2679 367 2709 ,
399 2637 423 2694 si
451 2633 612 2715 anteposuit
637 2634 717 2694 suam
737 2633 861 2696 ¹salutem

184 2715 281 2773 meae?

225 2791 273 2851 80.
286 2792 345 2853 Sed
359 2797 500 2873 praeterita
513 2797 628 2855 omitto.
645 2794 698 2855 Me
711 2813 743 2855 ut
754 2794 860 2856 Cneius

183 2870 338 2954 Pompeius
356 2876 489 2937 omnibus
501 2873 554 2936 suis
566 2873 683 2951 studiis,
697 2876 865 2948 laboribus,
