<?xml version="1.0" encoding="UTF-8"?>
<!DOCTYPE html PUBLIC "-//W3C//DTD XHTML 1.0 Transitional//EN"
    "http://www.w3.org/TR/xhtml1/DTD/xhtml1-transitional.dtd">
<html xmlns="http://www.w3.org/1999/xhtml" xml:lang="en" lang="en">
 <head>
  <title>
</title>
<meta http-equiv="Content-Type" content="text/html;charset=utf-8" />
  <meta name='ocr-system' content='tesseract 3.04.00' />
  <meta name='ocr-capabilities' content='ocr_page ocr_carea ocr_par ocr_line ocrx_word'/>
</head>
<body>
  <div class='ocr_page' id='page_1' title='image "./mtulliiciceroni06lallgoog_0029.png"; bbox 0 0 2117 3942; ppageno 0'>
   <div class='ocr_carea' id='block_1_1' title="bbox 167 187 1391 1899">
    <p class='ocr_par' dir='ltr' id='par_1_1' title="bbox 167 187 1391 1899">
     <span class='ocr_line' id='line_1_1' title="bbox 167 187 364 217; baseline -0.01 0"><span class='ocrx_word' id='word_1_1' title='bbox 167 187 364 217; x_wconf 66' lang='grc' dir='ltr'><strong>ἑΪὸῪΙῑο</strong></span> 
     </span>
     <span class='ocr_line' id='line_1_2' title="bbox 174 234 1391 319; baseline 0.002 -23"><span class='ocrx_word' id='word_1_2' title='bbox 174 278 191 296; x_wconf 91' lang='grc'><strong>.</strong></span> <span class='ocrx_word' id='word_1_3' title='bbox 227 235 391 296; x_wconf 82' lang='lat' dir='ltr'>Huic</span> <span class='ocrx_word' id='word_1_4' title='bbox 434 255 551 319; x_wconf 84' lang='lat' dir='ltr'><strong>ego</strong></span> <span class='ocrx_word' id='word_1_5' title='bbox 588 235 812 296; x_wconf 83' lang='lat' dir='ltr'>homini</span> <span class='ocrx_word' id='word_1_6' title='bbox 844 279 863 308; x_wconf 86' lang='lat'><strong>,</strong></span> <span class='ocrx_word' id='word_1_7' title='bbox 900 234 1164 315; x_wconf 83' lang='lat' dir='ltr'><strong>Quirites</strong></span> <span class='ocrx_word' id='word_1_8' title='bbox 1189 282 1209 311; x_wconf 92' lang='lat'>‚</span> <span class='ocrx_word' id='word_1_9' title='bbox 1255 254 1391 298; x_wconf 83' lang='lat' dir='ltr'><strong>tan-</strong></span> 
     </span>
     <span class='ocr_line' id='line_1_3' title="bbox 170 314 1390 397; baseline 0.001 -20"><span class='ocrx_word' id='word_1_10' title='bbox 170 316 371 377; x_wconf 81' lang='lat' dir='ltr'>debeo</span> <span class='ocrx_word' id='word_1_11' title='bbox 410 360 437 387; x_wconf 91' lang='lat'><em>,</em></span> <span class='ocrx_word' id='word_1_12' title='bbox 488 314 768 397; x_wconf 69' lang='lat' dir='ltr'><strong>quamtum</strong></span> <span class='ocrx_word' id='word_1_13' title='bbox 811 314 1116 375; x_wconf 81' lang='lat' dir='ltr'>hominem</span> <span class='ocrx_word' id='word_1_14' title='bbox 1163 317 1390 379; x_wconf 79' lang='lat' dir='ltr'>homiui</span> 
     </span>
     <span class='ocr_line' id='line_1_4' title="bbox 169 393 1388 470; baseline -0.002 -12"><span class='ocrx_word' id='word_1_15' title='bbox 169 416 227 458; x_wconf 82' lang='lat' dir='ltr'><strong>re</strong></span> <span class='ocrx_word' id='word_1_16' title='bbox 250 398 359 458; x_wconf 78' lang='lat' dir='ltr'><strong>vix</strong></span> <span class='ocrx_word' id='word_1_17' title='bbox 382 394 473 456; x_wconf 72' lang='lat' dir='ltr'><strong>fas</strong></span> <span class='ocrx_word' id='word_1_18' title='bbox 494 395 601 455; x_wconf 87' lang='lat' dir='ltr'><strong>est.</strong></span> <span class='ocrx_word' id='word_1_19' title='bbox 635 393 825 470; x_wconf 79' lang='lat' dir='ltr'>Hujus</span> <span class='ocrx_word' id='word_1_20' title='bbox 848 395 1085 455; x_wconf 82' lang='lat' dir='ltr'><strong>consilia</strong></span> <span class='ocrx_word' id='word_1_21' title='bbox 1101 439 1121 468; x_wconf 92' lang='lat'>‚</span> <span class='ocrx_word' id='word_1_22' title='bbox 1148 394 1212 455; x_wconf 88' lang='lat' dir='ltr'><strong>P.</strong></span> <span class='ocrx_word' id='word_1_23' title='bbox 1234 394 1388 458; x_wconf 65' lang='lat' dir='ltr'><strong>Len»</strong></span> 
     </span>
     <span class='ocr_line' id='line_1_5' title="bbox 168 473 1383 549; baseline -0.001 -11"><span class='ocrx_word' id='word_1_24' title='bbox 168 475 495 538; x_wconf 75' lang='lat' dir='ltr'><strong>&#39;ententiam</strong></span> <span class='ocrx_word' id='word_1_25' title='bbox 517 520 536 549; x_wconf 93' lang='lat'><strong>,</strong></span> <span class='ocrx_word' id='word_1_26' title='bbox 572 474 799 535; x_wconf 82' lang='lat' dir='ltr'><strong>senatus</strong></span> <span class='ocrx_word' id='word_1_27' title='bbox 833 473 1228 536; x_wconf 73' lang='lat' dir='ltr'><strong>austeritatem</strong></span> <span class='ocrx_word' id='word_1_28' title='bbox 1273 496 1383 537; x_wconf 83' lang='lat' dir='ltr'><strong>vos</strong></span> 
     </span>
     <span class='ocr_line' id='line_1_6' title="bbox 168 555 1381 635; baseline 0 -19"><span class='ocrx_word' id='word_1_29' title='bbox 168 560 241 631; x_wconf 74' lang='lat' dir='ltr'><strong>i,</strong></span> <span class='ocrx_word' id='word_1_30' title='bbox 284 560 347 617; x_wconf 86' lang='lat' dir='ltr'><strong>in</strong></span> <span class='ocrx_word' id='word_1_31' title='bbox 397 576 475 617; x_wconf 88' lang='lat' dir='ltr'><strong>eo</strong></span> <span class='ocrx_word' id='word_1_32' title='bbox 518 576 616 615; x_wconf 87' lang='lat' dir='ltr'><strong>me</strong></span> <span class='ocrx_word' id='word_1_33' title='bbox 664 555 797 615; x_wconf 86' lang='lat' dir='ltr'>loco</span> <span class='ocrx_word' id='word_1_34' title='bbox 834 599 854 628; x_wconf 89' lang='lat'><strong>,</strong></span> <span class='ocrx_word' id='word_1_35' title='bbox 902 556 959 613; x_wconf 80' lang='lat' dir='ltr'><strong>in</strong></span> <span class='ocrx_word' id='word_1_36' title='bbox 1006 576 1126 635; x_wconf 82' lang='lat' dir='ltr'><strong>quo</strong></span> <span class='ocrx_word' id='word_1_37' title='bbox 1183 555 1381 616; x_wconf 86' lang='lat' dir='ltr'>vestris</span> 
     </span>
     <span class='ocr_line' id='line_1_7' title="bbox 169 634 1382 717; baseline 0 -21"><span class='ocrx_word' id='word_1_38' title='bbox 169 635 305 697; x_wconf 81' lang='lat' dir='ltr'>ficiis</span> <span class='ocrx_word' id='word_1_39' title='bbox 345 636 572 697; x_wconf 82' lang='lat' dir='ltr'><strong>fueram</strong></span> <span class='ocrx_word' id='word_1_40' title='bbox 609 681 629 709; x_wconf 91' lang='lat'>‚</span> <span class='ocrx_word' id='word_1_41' title='bbox 666 634 863 695; x_wconf 85' lang='lat' dir='ltr'>iisdem</span> <span class='ocrx_word' id='word_1_42' title='bbox 904 637 1211 709; x_wconf 84' lang='lat' dir='ltr'><strong>centuriis,</strong></span> <span class='ocrx_word' id='word_1_43' title='bbox 1250 640 1382 717; x_wconf 54' lang='lat' dir='ltr'><strong>qui⁶</strong></span> 
     </span>
     <span class='ocr_line' id='line_1_8' title="bbox 169 713 1382 796; baseline -0.001 -19"><span class='ocrx_word' id='word_1_44' title='bbox 169 718 513 777; x_wconf 79' lang='lat' dir='ltr'><strong>ollocaratis</strong></span> <span class='ocrx_word' id='word_1_45' title='bbox 533 761 552 790; x_wconf 90' lang='lat'><strong>,</strong></span> <span class='ocrx_word' id='word_1_46' title='bbox 580 713 921 796; x_wconf 81' lang='lat' dir='ltr'>reposuistis.</span> <span class='ocrx_word' id='word_1_47' title='bbox 961 713 1194 776; x_wconf 88' lang='lat' dir='ltr'>Eodem</span> <span class='ocrx_word' id='word_1_48' title='bbox 1225 733 1382 776; x_wconf 89' lang='lat' dir='ltr'><strong>tem-</strong></span> 
     </span>
     <span class='ocr_line' id='line_1_9' title="bbox 181 795 1378 857; baseline 0 0"><span class='ocrx_word' id='word_1_49' title='bbox 181 795 421 857; x_wconf 76' lang='lat' dir='ltr'><strong>audistis</strong></span> <span class='ocrx_word' id='word_1_50' title='bbox 462 796 679 857; x_wconf 82' lang='lat' dir='ltr'>eodem</span> <span class='ocrx_word' id='word_1_51' title='bbox 717 816 790 856; x_wconf 86' lang='lat' dir='ltr'><strong>ex</strong></span> <span class='ocrx_word' id='word_1_52' title='bbox 824 795 957 856; x_wconf 87' lang='lat' dir='ltr'>loco</span> <span class='ocrx_word' id='word_1_53' title='bbox 989 795 1244 856; x_wconf 83' lang='lat' dir='ltr'>summos</span> <span class='ocrx_word' id='word_1_54' title='bbox 1278 800 1378 857; x_wconf 74' lang='lat' dir='ltr'><strong>vi-</strong></span> 
     </span>
     <span class='ocr_line' id='line_1_10' title="bbox 196 876 1374 956; baseline -0.002 -18"><span class='ocrx_word' id='word_1_55' title='bbox 196 879 600 939; x_wconf 86' lang='lat' dir='ltr'><strong>ornatissimos</strong></span> <span class='ocrx_word' id='word_1_56' title='bbox 639 893 811 956; x_wconf 84' lang='lat' dir='ltr'><strong>atque</strong></span> <span class='ocrx_word' id='word_1_57' title='bbox 844 876 1226 955; x_wconf 82' lang='lat' dir='ltr'><strong>amplissimos</strong></span> <span class='ocrx_word' id='word_1_58' title='bbox 1254 876 1374 937; x_wconf 86' lang='lat' dir='ltr'><strong>ho-</strong></span> 
     </span>
     <span class='ocr_line' id='line_1_11' title="bbox 169 956 1374 1038; baseline 0 -22"><span class='ocrx_word' id='word_1_59' title='bbox 169 978 190 1016; x_wconf 78' lang='lat' dir='ltr'>s</span> <span class='ocrx_word' id='word_1_60' title='bbox 220 1002 241 1033; x_wconf 88' lang='lat'><strong>‚</strong></span> <span class='ocrx_word' id='word_1_61' title='bbox 280 958 573 1038; x_wconf 84' lang='lat' dir='ltr'>principes</span> <span class='ocrx_word' id='word_1_62' title='bbox 609 958 885 1029; x_wconf 71' lang='lat' dir='ltr'><strong>civitatis»,</strong></span> <span class='ocrx_word' id='word_1_63' title='bbox 925 976 1134 1015; x_wconf 87' lang='lat' dir='ltr'>omnes</span> <span class='ocrx_word' id='word_1_64' title='bbox 1165 956 1374 1016; x_wconf 87' lang='lat' dir='ltr'>consu-</span> 
     </span>
     <span class='ocr_line' id='line_1_12' title="bbox 173 1035 1376 1117; baseline 0 -20"><span class='ocrx_word' id='word_1_65' title='bbox 173 1082 193 1111; x_wconf 92' lang='lat'>‚</span> <span class='ocrx_word' id='word_1_66' title='bbox 234 1055 450 1097; x_wconf 85' lang='lat' dir='ltr'>omnes</span> <span class='ocrx_word' id='word_1_67' title='bbox 494 1037 837 1117; x_wconf 84' lang='lat' dir='ltr'><strong>praetorios‚</strong></span> <span class='ocrx_word' id='word_1_68' title='bbox 879 1036 1087 1097; x_wconf 88' lang='lat' dir='ltr'><strong>eadem</strong></span> <span class='ocrx_word' id='word_1_69' title='bbox 1127 1035 1319 1097; x_wconf 86' lang='lat' dir='ltr'>dicere</span> <span class='ocrx_word' id='word_1_70' title='bbox 1347 1072 1376 1112; x_wconf 85' lang='lat'><strong>,-</strong></span> 
     </span>
     <span class='ocr_line' id='line_1_13' title="bbox 169 1115 1375 1197; baseline 0 -21"><span class='ocrx_word' id='word_1_71' title='bbox 169 1120 365 1178; x_wconf 82' lang='lat' dir='ltr'><strong>unium</strong></span> <span class='ocrx_word' id='word_1_72' title='bbox 394 1115 727 1179; x_wconf 74' lang='lat' dir='ltr'>testimonio</span> <span class='ocrx_word' id='word_1_73' title='bbox 754 1136 859 1197; x_wconf 81' lang='lat' dir='ltr'><strong>per</strong></span> <span class='ocrx_word' id='word_1_74' title='bbox 891 1136 987 1177; x_wconf 85' lang='lat' dir='ltr'><strong>me</strong></span> <span class='ocrx_word' id='word_1_75' title='bbox 1020 1136 1199 1175; x_wconf 84' lang='lat' dir='ltr'>unum</span> <span class='ocrx_word' id='word_1_76' title='bbox 1218 1116 1375 1176; x_wconf 63' lang='lat' dir='ltr'>relm-</span> 
     </span>
     <span class='ocr_line' id='line_1_14' title="bbox 174 1194 1371 1258; baseline -0.003 -1"><span class='ocrx_word' id='word_1_77' title='bbox 174 1218 301 1257; x_wconf 74' lang='lat' dir='ltr'><strong>cam</strong></span> <span class='ocrx_word' id='word_1_78' title='bbox 330 1197 733 1258; x_wconf 84' lang='lat' dir='ltr'>conservatam</span> <span class='ocrx_word' id='word_1_79' title='bbox 769 1194 881 1255; x_wconf 85' lang='lat' dir='ltr'>esse</span> <span class='ocrx_word' id='word_1_80' title='bbox 914 1194 1219 1254; x_wconf 83' lang='lat' dir='ltr'><strong>constaret.</strong></span> <span class='ocrx_word' id='word_1_81' title='bbox 1245 1194 1371 1254; x_wconf 84' lang='lat' dir='ltr'><strong>Ita·</strong></span> 
     </span>
     <span class='ocr_line' id='line_1_15' title="bbox 169 1276 1374 1369; baseline -0.002 -33"><span class='ocrx_word' id='word_1_82' title='bbox 169 1296 335 1357; x_wconf 83' lang='lat' dir='ltr'>quum</span> <span class='ocrx_word' id='word_1_83' title='bbox 370 1277 436 1337; x_wconf 92' lang='lat' dir='ltr'><strong>P.</strong></span> <span class='ocrx_word' id='word_1_84' title='bbox 472 1277 751 1338; x_wconf 82' lang='lat' dir='ltr'>Servilius</span> <span class='ocrx_word' id='word_1_85' title='bbox 773 1318 793 1346; x_wconf 92' lang='lat'>‚</span> <span class='ocrx_word' id='word_1_86' title='bbox 835 1276 1201 1369; x_wconf 77' lang='lat' dir='ltr'><strong>gravissimus</strong></span> <span class='ocrx_word' id='word_1_87' title='bbox 1237 1276 1330 1333; x_wconf 83' lang='lat' dir='ltr'><strong>vir</strong></span> <span class='ocrx_word' id='word_1_88' title='bbox 1351 1320 1374 1347; x_wconf 87' lang='lat'>,</span> 
     </span>
     <span class='ocr_line' id='line_1_16' title="bbox 169 1353 1372 1436; baseline 0 -20"><span class='ocrx_word' id='word_1_89' title='bbox 169 1359 494 1418; x_wconf 57' lang='lat' dir='ltr'><strong>amarissimus</strong></span> <span class='ocrx_word' id='word_1_90' title='bbox 521 1358 663 1417; x_wconf 82' lang='lat' dir='ltr'>civis</span> <span class='ocrx_word' id='word_1_91' title='bbox 687 1401 705 1428; x_wconf 92' lang='lat'>‚</span> <span class='ocrx_word' id='word_1_92' title='bbox 741 1353 958 1415; x_wconf 74' lang='lat' dir='ltr'><strong>dixnss&#39;et</strong></span> <span class='ocrx_word' id='word_1_93' title='bbox 977 1399 997 1428; x_wconf 92' lang='lat'>‚</span> <span class='ocrx_word' id='word_1_94' title='bbox 1029 1354 1209 1436; x_wconf 61' lang='lat' dir='ltr'><strong>opera</strong></span> <span class='ocrx_word' id='word_1_95' title='bbox 1238 1358 1372 1416; x_wconf 63' lang='lat' dir='ltr'><strong>mea</strong></span> 
     </span>
     <span class='ocr_line' id='line_1_17' title="bbox 171 1433 1368 1518; baseline 0 -21"><span class='ocrx_word' id='word_1_96' title='bbox 171 1438 418 1497; x_wconf 80' lang='lat' dir='ltr'><strong>ublic&#39;am</strong></span> <span class='ocrx_word' id='word_1_97' title='bbox 509 1438 866 1497; x_wconf 80' lang='lat' dir='ltr'><strong>incolumem</strong></span> <span class='ocrx_word' id='word_1_98' title='bbox 956 1433 1368 1518; x_wconf 82' lang='lat' dir='ltr'><strong>magistratibus</strong></span> 
     </span>
     <span class='ocr_line' id='line_1_18' title="bbox 170 1516 1364 1598; baseline -0.003 -19"><span class='ocrx_word' id='word_1_99' title='bbox 170 1538 271 1598; x_wconf 86' lang='lat' dir='ltr'><strong>eps</strong></span> <span class='ocrx_word' id='word_1_100' title='bbox 315 1519 582 1579; x_wconf 82' lang='lat' dir='ltr'>traditam</span> <span class='ocrx_word' id='word_1_101' title='bbox 618 1560 640 1590; x_wconf 92' lang='lat'><strong>‚</strong></span> <span class='ocrx_word' id='word_1_102' title='bbox 685 1517 945 1576; x_wconf 82' lang='lat' dir='ltr'><strong>dixerunt</strong></span> <span class='ocrx_word' id='word_1_103' title='bbox 985 1517 1043 1575; x_wconf 85' lang='lat' dir='ltr'><strong>in</strong></span> <span class='ocrx_word' id='word_1_104' title='bbox 1093 1516 1364 1577; x_wconf 85' lang='lat' dir='ltr'><strong>eamdem</strong></span> 
     </span>
     <span class='ocr_line' id='line_1_19' title="bbox 170 1595 1364 1676; baseline -0.001 -20"><span class='ocrx_word' id='word_1_105' title='bbox 170 1600 338 1658; x_wconf 60' lang='lat' dir='ltr'><strong>utiam</strong></span> <span class='ocrx_word' id='word_1_106' title='bbox 364 1601 560 1659; x_wconf 86' lang='lat' dir='ltr'><strong>ceteri.</strong></span> <span class='ocrx_word' id='word_1_107' title='bbox 598 1597 714 1658; x_wconf 84' lang='lat' dir='ltr'><strong>Sed</strong></span> <span class='ocrx_word' id='word_1_108' title='bbox 738 1595 959 1656; x_wconf 71' lang='lat' dir='ltr'><strong>audistis</strong></span> <span class='ocrx_word' id='word_1_109' title='bbox 984 1616 1058 1656; x_wconf 81' lang='lat' dir='ltr'><strong>eo</strong></span> <span class='ocrx_word' id='word_1_110' title='bbox 1090 1615 1364 1676; x_wconf 75' lang='lat' dir='ltr'><strong>tempore</strong></span> 
     </span>
     <span class='ocr_line' id='line_1_20' title="bbox 170 1674 1370 1749; baseline -0.002 -13"><span class='ocrx_word' id='word_1_111' title='bbox 170 1680 291 1738; x_wconf 67' lang='lat' dir='ltr'><strong>zimi</strong></span> <span class='ocrx_word' id='word_1_112' title='bbox 319 1681 427 1739; x_wconf 82' lang='lat' dir='ltr'>viri</span> <span class='ocrx_word' id='word_1_113' title='bbox 451 1700 573 1738; x_wconf 85' lang='lat' dir='ltr'><strong>non</strong></span> <span class='ocrx_word' id='word_1_114' title='bbox 596 1676 781 1738; x_wconf 89' lang='lat' dir='ltr'>solum</span> <span class='ocrx_word' id='word_1_115' title='bbox 809 1676 1205 1736; x_wconf 64' lang='lat' dir='ltr'><strong>auGtoritatem</strong></span> <span class='ocrx_word' id='word_1_116' title='bbox 1226 1721 1245 1749; x_wconf 89' lang='lat'>,</span> <span class='ocrx_word' id='word_1_117' title='bbox 1268 1674 1370 1735; x_wconf 88' lang='lat' dir='ltr'><strong>sed</strong></span> 
     </span>
     <span class='ocr_line' id='line_1_21' title="bbox 217 1755 1367 1837; baseline -0.004 -20"><span class='ocrx_word' id='word_1_118' title='bbox 217 1758 610 1819; x_wconf 84' lang='lat' dir='ltr'>testimonium</span> <span class='ocrx_word' id='word_1_119' title='bbox 657 1757 726 1816; x_wconf 92' lang='lat' dir='ltr'><strong>L.</strong></span> <span class='ocrx_word' id='word_1_120' title='bbox 764 1755 983 1829; x_wconf 81' lang='lat' dir='ltr'><strong>Gellii,</strong></span> <span class='ocrx_word' id='word_1_121' title='bbox 1029 1759 1129 1837; x_wconf 90' lang='lat' dir='ltr'><strong>qui</strong></span> <span class='ocrx_word' id='word_1_122' title='bbox 1162 1800 1182 1828; x_wconf 90' lang='lat'>‚</span> <span class='ocrx_word' id='word_1_123' title='bbox 1233 1757 1367 1835; x_wconf 83' lang='lat' dir='ltr'><strong>quia</strong></span> 
     </span>
     <span class='ocr_line' id='line_1_22' title="bbox 185 1833 1370 1899; baseline -0.003 -1"><span class='ocrx_word' id='word_1_124' title='bbox 185 1835 419 1899; x_wconf 72' lang='lat' dir='ltr'><strong>class&#39;em</strong></span> <span class='ocrx_word' id='word_1_125' title='bbox 456 1855 799 1898; x_wconf 84' lang='lat' dir='ltr'><strong>attentatam</strong></span> <span class='ocrx_word' id='word_1_126' title='bbox 840 1856 1056 1898; x_wconf 66' lang='lat' dir='ltr'><strong>maeno</strong></span> <span class='ocrx_word' id='word_1_127' title='bbox 1094 1856 1222 1894; x_wconf 89' lang='lat' dir='ltr'><strong>cum</strong></span> <span class='ocrx_word' id='word_1_128' title='bbox 1263 1833 1370 1894; x_wconf 84' lang='lat' dir='ltr'><strong>suo</strong></span> 
     </span>
    </p>
   </div>
   <div class='ocr_carea' id='block_1_2' title="bbox 1825 182 1979 1838">
    <p class='ocr_par' dir='ltr' id='par_1_2' title="bbox 1825 182 1979 1838">
     <span class='ocr_line' id='line_1_23' title="bbox 1825 182 1979 1838; baseline 0 0"><span class='ocrx_word' id='word_1_129' title='bbox 1825 182 1979 1838; x_wconf 95' lang='lat' dir='ltr'><strong> </strong></span> 
     </span>
    </p>
   </div>
  </div>
 </body>
</html>
