2117 3942
261 377 340 475 ’360
387 378 457 444 Du
482 372 805 444 Pnurrncrrs
895 351 899 357 ’

279 500 282 552 ζ
304 508 349 568 13.
369 489 433 548 Hos
449 510 504 550 vos
524 489 561 549 de
579 490 752 570 provinciis,
767 489 790 546 si
810 501 879 547 non¹
891 487 946 548 ali·
957 505 971 518 ··

259 569 374 651 quando
407 569 569 630 deducendi
600 568 718 642 essent,
755 567 960 647 deripiendos·

221 666 226 671 '
257 671 319 710 non
338 649 496 730 putaretis?
514 650 546 709 δι
565 650 615 708 has
634 649 762 729 duplices
781 646 879 728 pestes
894 648 961 708 so··

256 732 391 801 ciorum,
418 730 541 788 rnilitum
569 728 691 802 clades,
721 729 960 809 publicanorum·

258 814 376 880 ruinas,
393 812 609 887 provinciarum
632 808 777 868 vastitates
795 853 805 880 ,
830 811 961 889 imperii'

257 890 404 961 maculas,
422 889 586 950 teneretis?
606 887 647 948 At
663 892 751 949 iidem
770 909 848 962 vos,
867 910 944 951 anno

257 969 403 1050 superiore
420 970 474 1029 hus
494 968 611 1030 eosdem
628 969 836 1039 revocabaris,
854 989 959 1050 quum*

260 1054 290 1110 in
308 1053 472 1131 provincias
489 1048 547 1127 jani
565 1048 757 1129 pervenissent
771 1071 778 1107 ε
791 1070 851 1130 quo
864 1067 959 1109 rem-⁴

259 1152 333 1212 pore
353 1134 376 1189 si
392 1132 514 1191 liberum
532 1128 657 1190 vestrum
672 1128 811 1207 judicium
829 1127 941 1205 fuisset,

258 1231 314 1270 nec
330 1213 417 1270 toties
439 1211 602 1282 dilatares,
619 1230 672 1269 nec
691 1211 727 1269 ad
741 1225 906 1270 extremum
923 1229 941 1270 e

258 1293 389 1352 manibus
400 1308 499 1371 erepta
510 1289 577 1350 effer
587 1335 597 1362 ,
609 1289 811 1362 restimiffetis‚
821 1291 850 1349 id
861 1290 941 1372 quod

258 1373 433 1450 cupiebatis,
449 1370 573 1431 vestram
587 1370 786 1432 ausioritatem
798 1415 808 1444 ‚
822 1373 873 1444 iis,
889 1391 942 1450 per
955 1394 958 1399 ·

257 1471 331 1531 quos
349 1469 409 1510 erat
427 1450 549 1524 amissa,
571 1453 714 1511 revocatis
730 1497 739 1527 ,
758 1452 792 1511 &
814 1453 857 1510 his
874 1454 942 1531 ipsis

256 1532 379 1611 praemiis
400 1535 539 1604 extortis,
554 1552 617 1610 quae
636 1549 718 1592 erant
736 1555 792 1615 pro
811 1531 940 1605 sceiere,

256 1628 343 1749 atqvue
360 1616 512 1672 eversione
533 1615 631 1691 patriae
652 1613 808 1674 consecuti.

274 1732 281 1741 -
334 1690 357 1751 Ι.
378 1691 478 1770 Quam
490 1714 608 1773 poenam
625 1695 647 1750 si
662 1710 724 1753 tum
738 1696 860 1755 aliorum
875 1694 942 1772 opi·

257 1770 331 1843 bus,
346 1794 404 1831 non
425 1772 497 1842 suis,
513 1775 685 1832 invitissimis
703 1776 814 1847 vobis,
835 1775 941 1833 evola-

257 1872 347 1925 runt3
367 1870 395 1912 at
416 1855 499 1913 aliam
522 1854 613 1912 multi>
633 1851 799 1930 majorem,
819 1856 941 1937 gravio-

257 1953 377 2014 remque
396 1933 559 1995 subierunt:
574 1954 636 2013 quae
658 1938 735 1994 enirn
759 1937 892 2006 homini,
910 1937 939 1993 in
954 1954 956 1958 ·

256 2033 316 2094 quo
333 2015 430 2094 aliquis
446 2018 469 2074 si
487 2037 546 2075 non
563 2013 646 2072 famae
662 2016 777 2093 pudor·,
788 2034 815 2075 at
835 2014 954 2095 suppli·

256 2096 297 2152 cii¹
311 2097 398 2154 timor
416 2094 478 2169 est,
498 2097 613 2177 gravior
631 2116 716 2173 poena
733 2095 866 2155 accidere
884 2112 953 2177 po··

255 2176 326 2242 tuit,
341 2176 427 2254 quim
441 2198 499 2236 non
513 2175 591 2234 credi
605 2175 704 2234 litteris
718 2178 770 2247 iis,
783 2196 848 2257 quae
863 2196 939 2236 rem·

317 2253 397 2312 licam
410 2257 485 2314 bene
499 2255 606 2336 gestam
619 2256 647 2313 in
661 2255 740 2316 bello
754 2254 936 2315 nuntiarent?
960 2256 963 2269 ’

288 2353 323 2390 oc
343 2331 435 2392 statuit
455 2335 566 2394 senatus
581 2381 590 2407 ‚
607 2357 694 2415 quum
712 2337 850 2418 frequens
868 2336 951 2416 sup-'

254 2411 441 2552 piicationem
462 2413 590 2475 Gabinio
612 2417 793 2498 denegavit:
814 2420 966 2498 primurn*-

298 2496 364 2553 mini
376 2538 386 2565 ,
401 2493 575 2566 sceleribus,
592 2496 703 2577 flagitiis
722 2499 948 2558 contaminatis·¹

255 2575 355 2646 simo,
376 2576 450 2637 ‚nihil
478 2575 533 2637 effe
562 2578 739 2638 credendum
759 2599 767 2638 ε
791 2579 897 2639 deinde
915 2594 971 2635 nr·

254 2654 427 2732 proditore,
450 2675 478 2716 at
500 2678 535 2716 ue
559 2679 625 2731 eo,
651 2679 738 2739 quem
765 2659 946 2739 praesentem·

254 2732 367 2796 hostem
387 2679 550 2816 reipubiicae
570 2738 740 2820 cognosset,
758 2740 836 2800 bene
855 2758 928 2799 rern-
966 2748 968 2753 '

254 2813 397 2889 publicam
414 2820 473 2898 geri
487 2840 545 2877 non
562 2817 682 2895 potuisse
695 2842 701 2878 τ
716 2820 975 2900 po·stremi>‚ne'·²

254 2889 327 2953 deos
344 2896 656 2978 quidem'immonaies
669 2903 750 2966 uelle
768 2901 871 2983 aperiri
885 2895 928 2955 sua
943 2894 981 2949 ⁶!

801 2978 929 3061 templa,
