2117 3942
198 345 249 438 36
380 330 684 416 uinitori

195 461 291 540 pilio,
310 457 470 519 'clarissimo
491 475 578 540 atque
603 458 759 519 fortissimo
781 459 878 531 vim

195 558 352 618 numquam
371 538 407 598 de
424 539 467 619 Q.
484 539 629 612 Metello,
643 538 823 599 nobilissimo
844 540 877 598 bs

195 617 426 679 constantissimo
440 623 525 692 cive3
539 631 694 700 numquam
706 618 742 678 de
757 617 794 678 C.
811 619 878 677 Ma·

194 701 262 769 rio,
279 696 395 758 custode
411 700 530 758 civitatis
546 717 633 781 atque
645 700 758 779 impen'i
772 695 876 772 vestri,

194 780 225 838 in
244 778 341 839 senatu
362 783 474 840 mentio
491 779 564 839 fabia
583 778 634 839 est.

241 877 286 919 10.
305 857 473 919 Tribunitiis
488 859 647 940 superiores
662 859 702 919 illi
718 860 878 939 rogationi·

194 939 277 1010 bus,
296 939 378 1003 ,nulli
395 939 562 1000 euboritate
582 937 693 1000 senatus
712 940 774 997 sunt
797 937 879 998 resti·

196 1022 250 1079 tuti
271 1041 279 1079 :
315 1019 423 1083 Marius
447 1022 520 1080 verb
534 1040 614 1078 non·
630 1019 723 1080 mo'db
747 1041 764 1078 a
784 1017 877 1078 sena·

183 1099 249 1173 tu,
268 1098 318 1161 sed
329 1103 422 1160 eriam
438 1097 574 1181 oppresso
588 1098 686 1161 senatu
702 1097 744 1159 est
763 1096 877 1159 restitu-

195 1197 265 1252 ων,
278 1201 333 1241 nec
351 1201 456 1241 rerum·
484 1179 604 1241 estarum
622 1180 764 1241 memoria
781 1181 812 1238 in
830 1199 878 1238 re·

197 1261 259 1319 ditu
278 1258 316 1321 C.
336 1260 441 1333 Marii,
455 1201 504 1321 tid
518 1262 679 1333 exercitus,
695 1277 876 1341 atque-arma

196 1340 358 1400 valuerunt.
377 1340 472 1400 Arde
492 1358 540 1405 me
558 1357 589 1399 ut
603 1340 715 1400 ualeret
734 1385 744 1417 ,
762 1337 876 1420 semper

195 1420 308 1481 senatus
326 1420 482 1502 flagitavit:
504 1421 708 1501 utaliquando
723 1417 877 1501 perficere·

195 1517 262 1575 tur,
277 1521 365 1581 quum
378 1503 501 1580 primbm
519 1501 616 1574 licuit,
632 1499 814 1582 frequentiis,
832 1517 878 1559 at·

194 1601 253 1661 que
271 1581 437 1641 austoritate
451 1581 593 1662 perfecit.¹
604 1579 709 1641 Nullus¹
720 1583 751 1640 i'n
773 1599 877 1641 eorum

195 1661 299 1724 reditu¹
310 1678 407 1722 mot-us
420 1662 669 1742 municipiorum,
686 1661 728 1723 &·
745 1661 877 1721 colonia·

194 1761 260 1801 rum
277 1740 367 1804 fabius
385 1739 446 1801 est:
465 1759 494 1801 at
512 1752 561 1804 me
577 1744 607 1803 in
625 1744 751 1822 patriam.
764 1757 809 1802 ter
822 1740 877 1803 suis

195 1820 318 1882 decretis
340 1820 422 1881 Italia
438 1822 536 1883 musta
553 1825 716 1883 revocavit.
740 1820 804 1894 Illi,
820 1823 877 1881 ini·

194 1903 276 1963 micis
294 1901 467 1977 intersertis,
481 1898 588 1985 magni
602 1905 710 1963 civium
727 1902 807 1961 caede
817 1900 877 1961 fae·

195 1981 248 2056 tri,
270 1981 377 2043 redutii
396 1982 477 2043 sunt:
498 2004 555 2065 ego
572 1986 625 2057 iis,
640 2006 657 2043 a
672 1983 773 2064 quibus
794 1979 875 2060 ejec-

193 2077 239 2121 tus
254 2060 512 2142 improvinciae
527 2065 744 2137 obtinentibus,
757 2064 876 2140 inimico

193 2157 293 2202 autem
313 2143 426 2222 optimo
445 2145 509 2205 viro
527 2145 560 2204 &
578 2145 757 2218 mitissimo,
783 2141 879 2204 altero

193 2220 314 2283 consule
328 2221 473 2284 referente
493 2223 625 2283 redustus
645 2224 728 2296 sum;
747 2244 837 2305 quum
852 2226 877 2284 is

192 2301 325 2363 inimicus
348 2305 397 2383 qui
416 2303 452 2362 ad
471 2324 569 2365 meam
585 2308 749 2385 'perniciem
767 2323 876 2364 vocem

192 2381 270 2444 suam
296 2383 496 2444 communibus
526 2383 653 2446 hostibus
680 2381 873 2468 praebuiffet‚

193 2463 289 2546 spiritu
306 2463 443 2525 duntaxat
459 2467 574 2526 viveret
588 2497 598 2540 ,-
614 2485 647 2526 re
666 2465 784 2548 quidem
801 2463 876 2526 infra

194 2566 298 2606 omnes
313 2563 443 2605 mortuos
456 2546 622 2607 amandatus
633 2545 712 2607 effer.

235 2625 276 2687 V.
298 2623 466 2708 Numquam
489 2626 526 2686 de
545 2625 579 2687 P.
600 2625 715 2708 Popilio
737 2625 772 2686 L.
794 2625 875 2708 Opi·

192 2704 267 2764 mius
283 2748 294 2776 ‚
313 2706 482 2768 fortissimus
502 2705 631 2780 consul,
656 2728 813 2788 numquam
836 2707 875 2767 de

191 2782 234 2860 Q.
247 2783 371 2847 Metello
385 2810 444 2849 non
455 2788 546 2869 morib
558 2785 596 2849 C.
608 2787 717 2848 Marius
728 2833 738 2861 ‚
751 2790 798 2868 qui
813 2803 875 2848 etat

189 2862 341 2938 iuimicus,
358 2866 467 2929 sedne
485 2871 510 2929 is
525 2868 646 2948 quidem
662 2870 743 2953 ,qui
760 2867 874 2932 secutus
