<?xml version="1.0" encoding="UTF-8"?>
<!DOCTYPE html PUBLIC "-//W3C//DTD XHTML 1.0 Transitional//EN"
    "http://www.w3.org/TR/xhtml1/DTD/xhtml1-transitional.dtd">
<html xmlns="http://www.w3.org/1999/xhtml" xml:lang="en" lang="en">
 <head>
  <title>
</title>
<meta http-equiv="Content-Type" content="text/html;charset=utf-8" />
  <meta name='ocr-system' content='tesseract 3.04.00' />
  <meta name='ocr-capabilities' content='ocr_page ocr_carea ocr_par ocr_line ocrx_word'/>
</head>
<body>
  <div class='ocr_page' id='page_1' title='image "./mtulliiciceroni06lallgoog_0309.png"; bbox 0 0 2117 3942; ppageno 0'>
   <div class='ocr_carea' id='block_1_1' title="bbox 253 361 706 480">
    <p class='ocr_par' dir='ltr' id='par_1_1' title="bbox 253 361 706 480">
     <span class='ocr_line' id='line_1_1' title="bbox 253 361 706 480; baseline 0.004 -30"><span class='ocrx_word' id='word_1_1' title='bbox 253 400 332 480; x_wconf 78' lang='lat'>344</span> <span class='ocrx_word' id='word_1_2' title='bbox 475 361 706 468; x_wconf 17' lang='lat' dir='ltr'>our-rio</span> 
     </span>
    </p>
   </div>
   <div class='ocr_carea' id='block_1_2' title="bbox 198 494 940 2907">
    <p class='ocr_par' dir='ltr' id='par_1_2' title="bbox 198 494 940 729">
     <span class='ocr_line' id='line_1_2' title="bbox 254 494 940 579; baseline -0.003 -19"><span class='ocrx_word' id='word_1_3' title='bbox 254 516 305 572; x_wconf 83' lang='lat' dir='ltr'>ta,</span> <span class='ocrx_word' id='word_1_4' title='bbox 321 498 496 579; x_wconf 71' lang='lat' dir='ltr'>minimeque</span> <span class='ocrx_word' id='word_1_5' title='bbox 513 495 619 569; x_wconf 89' lang='lat' dir='ltr'>dubia,</span> <span class='ocrx_word' id='word_1_6' title='bbox 635 497 727 556; x_wconf 83' lang='lat' dir='ltr'>multb</span> <span class='ocrx_word' id='word_1_7' title='bbox 745 495 777 557; x_wconf 92' lang='lat'>&amp;</span> <span class='ocrx_word' id='word_1_8' title='bbox 790 494 873 577; x_wconf 86' lang='lat' dir='ltr'>plura</span> <span class='ocrx_word' id='word_1_9' title='bbox 883 543 896 570; x_wconf 88' lang='lat'>,</span> <span class='ocrx_word' id='word_1_10' title='bbox 907 497 940 558; x_wconf 89' lang='lat'>&amp;</span> 
     </span>
     <span class='ocr_line' id='line_1_3' title="bbox 252 575 939 660; baseline -0.001 -21"><span class='ocrx_word' id='word_1_11' title='bbox 252 575 409 659; x_wconf 46' lang='lat' dir='ltr'>a‘pluribus</span> <span class='ocrx_word' id='word_1_12' title='bbox 426 579 601 660; x_wconf 86' lang='lat' dir='ltr'>peritissimis</span> <span class='ocrx_word' id='word_1_13' title='bbox 615 575 670 636; x_wconf 87' lang='lat' dir='ltr'>esse</span> <span class='ocrx_word' id='word_1_14' title='bbox 683 576 776 648; x_wconf 71' lang='lat' dir='ltr'>dieta,</span> <span class='ocrx_word' id='word_1_15' title='bbox 794 578 882 657; x_wconf 74' lang='lat' dir='ltr'>quim</span> <span class='ocrx_word' id='word_1_16' title='bbox 895 598 939 638; x_wconf 89' lang='lat' dir='ltr'>res</span> 
     </span>
     <span class='ocr_line' id='line_1_4' title="bbox 198 655 939 729; baseline 0.001 -11"><span class='ocrx_word' id='word_1_17' title='bbox 198 677 200 680; x_wconf 76' lang='grc'>’</span> <span class='ocrx_word' id='word_1_18' title='bbox 243 720 247 728; x_wconf 71' lang='grc'><strong>,</strong></span> <span class='ocrx_word' id='word_1_19' title='bbox 276 657 428 719; x_wconf 84' lang='lat' dir='ltr'>ostularet:</span> <span class='ocrx_word' id='word_1_20' title='bbox 450 660 499 720; x_wconf 90' lang='lat' dir='ltr'>sed</span> <span class='ocrx_word' id='word_1_21' title='bbox 519 657 548 715; x_wconf 92' lang='lat' dir='ltr'>id</span> <span class='ocrx_word' id='word_1_22' title='bbox 560 655 665 716; x_wconf 72' lang='lat' dir='ltr'>fadum</span> <span class='ocrx_word' id='word_1_23' title='bbox 680 655 738 729; x_wconf 85' lang='lat' dir='ltr'>est,</span> <span class='ocrx_word' id='word_1_24' title='bbox 753 679 814 716; x_wconf 93' lang='lat' dir='ltr'>noii</span> <span class='ocrx_word' id='word_1_25' title='bbox 826 676 858 716; x_wconf 94' lang='lat' dir='ltr'>ut</span> <span class='ocrx_word' id='word_1_26' title='bbox 879 681 939 720; x_wconf 89' lang='lat' dir='ltr'>vo·</span> 
     </span>
    </p>

    <p class='ocr_par' dir='ltr' id='par_1_3' title="bbox 209 680 940 2662">
     <span class='ocr_line' id='line_1_5' title="bbox 253 680 940 820; baseline 0 -23"><span class='ocrx_word' id='word_1_27' title='bbox 253 680 296 797; x_wconf 73' lang='lat' dir='ltr'>bis</span> <span class='ocrx_word' id='word_1_28' title='bbox 313 759 374 798; x_wconf 88' lang='lat' dir='ltr'>rem</span> <span class='ocrx_word' id='word_1_29' title='bbox 388 757 447 798; x_wconf 85' lang='lat' dir='ltr'>tam</span> <span class='ocrx_word' id='word_1_30' title='bbox 464 738 642 820; x_wconf 86' lang='lat' dir='ltr'>perspicuam</span> <span class='ocrx_word' id='word_1_31' title='bbox 656 736 780 797; x_wconf 89' lang='lat' dir='ltr'>dicendo</span> <span class='ocrx_word' id='word_1_32' title='bbox 795 738 940 817; x_wconf 79' lang='lat' dir='ltr'>probare·</span> 
     </span>
     <span class='ocr_line' id='line_1_6' title="bbox 209 818 938 892; baseline 0 -14"><span class='ocrx_word' id='word_1_33' title='bbox 209 881 212 884; x_wconf 9' lang='grc' dir='ltr'><strong><em>Δ</em></strong></span> <span class='ocrx_word' id='word_1_34' title='bbox 252 838 318 878; x_wconf 86' lang='lat' dir='ltr'>mus</span> <span class='ocrx_word' id='word_1_35' title='bbox 337 864 346 892; x_wconf 95' lang='lat'>,</span> <span class='ocrx_word' id='word_1_36' title='bbox 368 822 470 879; x_wconf 87' lang='lat' dir='ltr'>veriim</span> <span class='ocrx_word' id='word_1_37' title='bbox 494 837 525 878; x_wconf 87' lang='lat' dir='ltr'>ut</span> <span class='ocrx_word' id='word_1_38' title='bbox 544 818 673 891; x_wconf 89' lang='lat' dir='ltr'>omnium</span> <span class='ocrx_word' id='word_1_39' title='bbox 693 818 938 892; x_wconf 81' lang='lat' dir='ltr'>malevolorum,</span> 
     </span>
     <span class='ocr_line' id='line_1_7' title="bbox 251 897 938 980; baseline 0.003 -23"><span class='ocrx_word' id='word_1_40' title='bbox 251 899 446 978; x_wconf 82' lang='lat' dir='ltr'>iniquorum,</span> <span class='ocrx_word' id='word_1_41' title='bbox 465 897 630 959; x_wconf 90' lang='lat' dir='ltr'>invidorum</span> <span class='ocrx_word' id='word_1_42' title='bbox 650 899 761 957; x_wconf 87' lang='lat' dir='ltr'>animos</span> <span class='ocrx_word' id='word_1_43' title='bbox 786 897 938 980; x_wconf 82' lang='lat' dir='ltr'>frangere·</span> 
     </span>
     <span class='ocr_line' id='line_1_8' title="bbox 242 976 938 1060; baseline -0.001 -20"><span class='ocrx_word' id='word_1_44' title='bbox 242 999 318 1059; x_wconf 36' lang='lat' dir='ltr'>,ntus</span> <span class='ocrx_word' id='word_1_45' title='bbox 338 1000 347 1051; x_wconf 83' lang='lat'><em>3</em></span> <span class='ocrx_word' id='word_1_46' title='bbox 371 1000 444 1060; x_wconf 90' lang='lat' dir='ltr'>quos</span> <span class='ocrx_word' id='word_1_47' title='bbox 466 997 496 1039; x_wconf 91' lang='lat' dir='ltr'>ut</span> <span class='ocrx_word' id='word_1_48' title='bbox 516 976 661 1038; x_wconf 86' lang='lat' dir='ltr'>accusator</span> <span class='ocrx_word' id='word_1_49' title='bbox 682 978 881 1051; x_wconf 87' lang='lat' dir='ltr'>incenderet,</span> <span class='ocrx_word' id='word_1_50' title='bbox 907 994 938 1039; x_wconf 92' lang='lat' dir='ltr'>ut</span> 
     </span>
     <span class='ocr_line' id='line_1_9' title="bbox 254 1058 937 1139; baseline -0.003 -21"><span class='ocrx_word' id='word_1_51' title='bbox 254 1058 341 1139; x_wconf 83' lang='lat' dir='ltr'>aliqui</span> <span class='ocrx_word' id='word_1_52' title='bbox 365 1058 510 1120; x_wconf 85' lang='lat' dir='ltr'>sermones</span> <span class='ocrx_word' id='word_1_53' title='bbox 534 1059 683 1117; x_wconf 91' lang='lat' dir='ltr'>hominum</span> <span class='ocrx_word' id='word_1_54' title='bbox 701 1101 711 1128; x_wconf 94' lang='lat'>,</span> <span class='ocrx_word' id='word_1_55' title='bbox 729 1060 829 1128; x_wconf 80' lang='lat' dir='ltr'>alienis</span> <span class='ocrx_word' id='word_1_56' title='bbox 853 1059 937 1118; x_wconf 89' lang='lat' dir='ltr'>bonis</span> 
     </span>
     <span class='ocr_line' id='line_1_10' title="bbox 244 1136 938 1219; baseline -0.001 -20"><span class='ocrx_word' id='word_1_57' title='bbox 244 1141 463 1217; x_wconf 81' lang='lat' dir='ltr'>moerentium,</span> <span class='ocrx_word' id='word_1_58' title='bbox 485 1142 571 1200; x_wconf 88' lang='lat' dir='ltr'>eriam</span> <span class='ocrx_word' id='word_1_59' title='bbox 588 1138 623 1196; x_wconf 88' lang='lat' dir='ltr'>ad</span> <span class='ocrx_word' id='word_1_60' title='bbox 638 1136 744 1210; x_wconf 77' lang='lat' dir='ltr'>vestras</span> <span class='ocrx_word' id='word_1_61' title='bbox 764 1158 848 1200; x_wconf 86' lang='lat' dir='ltr'>aures</span> <span class='ocrx_word' id='word_1_62' title='bbox 870 1159 938 1219; x_wconf 88' lang='lat' dir='ltr'>per·</span> 
     </span>
     <span class='ocr_line' id='line_1_11' title="bbox 244 1215 936 1298; baseline 0.004 -23"><span class='ocrx_word' id='word_1_63' title='bbox 244 1237 435 1293; x_wconf 84' lang='lat' dir='ltr'>manarent,</span> <span class='ocrx_word' id='word_1_64' title='bbox 464 1221 495 1280; x_wconf 90' lang='lat'>&amp;</span> <span class='ocrx_word' id='word_1_65' title='bbox 517 1222 546 1277; x_wconf 89' lang='lat' dir='ltr'>in</span> <span class='ocrx_word' id='word_1_66' title='bbox 572 1215 681 1298; x_wconf 84' lang='lat' dir='ltr'>judicio</span> <span class='ocrx_word' id='word_1_67' title='bbox 703 1217 764 1298; x_wconf 90' lang='lat' dir='ltr'>ipso</span> <span class='ocrx_word' id='word_1_68' title='bbox 787 1218 936 1279; x_wconf 86' lang='lat' dir='ltr'>redunda-</span> 
     </span>
     <span class='ocr_line' id='line_1_12' title="bbox 247 1292 937 1379; baseline 0 -21"><span class='ocrx_word' id='word_1_69' title='bbox 247 1292 344 1371; x_wconf 67' lang='lat' dir='ltr'>rent,</span> <span class='ocrx_word' id='word_1_70' title='bbox 362 1299 471 1360; x_wconf 89' lang='lat' dir='ltr'>idcirco</span> <span class='ocrx_word' id='word_1_71' title='bbox 484 1300 530 1359; x_wconf 86' lang='lat' dir='ltr'>illa</span> <span class='ocrx_word' id='word_1_72' title='bbox 551 1301 579 1357; x_wconf 92' lang='lat' dir='ltr'>in</span> <span class='ocrx_word' id='word_1_73' title='bbox 601 1300 681 1357; x_wconf 91' lang='lat' dir='ltr'>omni</span> <span class='ocrx_word' id='word_1_74' title='bbox 697 1316 779 1379; x_wconf 84' lang='lat' dir='ltr'>parte</span> <span class='ocrx_word' id='word_1_75' title='bbox 800 1300 937 1358; x_wconf 87' lang='lat' dir='ltr'>orationis</span> 
     </span>
     <span class='ocr_line' id='line_1_13' title="bbox 243 1370 938 1462; baseline -0.001 -23"><span class='ocrx_word' id='word_1_76' title='bbox 243 1370 319 1461; x_wconf 58' lang='lat' dir='ltr'>suae*</span> <span class='ocrx_word' id='word_1_77' title='bbox 327 1397 386 1439; x_wconf 87' lang='lat' dir='ltr'>arte</span> <span class='ocrx_word' id='word_1_78' title='bbox 400 1380 529 1462; x_wconf 85' lang='lat' dir='ltr'>adspergi</span> <span class='ocrx_word' id='word_1_79' title='bbox 540 1378 682 1440; x_wconf 87' lang='lat' dir='ltr'>videbatis</span> <span class='ocrx_word' id='word_1_80' title='bbox 692 1399 699 1437; x_wconf 90' lang='lat'>:</span> <span class='ocrx_word' id='word_1_81' title='bbox 711 1375 772 1438; x_wconf 90' lang='lat' dir='ltr'>tum</span> <span class='ocrx_word' id='word_1_82' title='bbox 786 1381 938 1458; x_wconf 87' lang='lat' dir='ltr'>pecuniam</span> 
     </span>
     <span class='ocr_line' id='line_1_14' title="bbox 242 1457 938 1541; baseline 0 -23"><span class='ocrx_word' id='word_1_83' title='bbox 242 1457 292 1541; x_wconf 67' lang='lat' dir='ltr'>„L</span> <span class='ocrx_word' id='word_1_84' title='bbox 319 1457 477 1532; x_wconf 88' lang='lat' dir='ltr'>Cornelii,</span> <span class='ocrx_word' id='word_1_85' title='bbox 502 1482 565 1540; x_wconf 84' lang='lat' dir='ltr'>quae</span> <span class='ocrx_word' id='word_1_86' title='bbox 586 1479 679 1539; x_wconf 89' lang='lat' dir='ltr'>neque</span> <span class='ocrx_word' id='word_1_87' title='bbox 702 1458 844 1520; x_wconf 77' lang='lat' dir='ltr'>invidiosa</span> <span class='ocrx_word' id='word_1_88' title='bbox 867 1457 938 1533; x_wconf 72' lang='lat' dir='ltr'>esi,</span> 
     </span>
     <span class='ocr_line' id='line_1_15' title="bbox 256 1535 939 1622; baseline 0 -25"><span class='ocrx_word' id='word_1_89' title='bbox 256 1538 288 1598; x_wconf 89' lang='lat'>&amp;</span> <span class='ocrx_word' id='word_1_90' title='bbox 302 1582 313 1609; x_wconf 89' lang='lat'>,</span> <span class='ocrx_word' id='word_1_91' title='bbox 328 1558 561 1622; x_wconf 85' lang='lat' dir='ltr'>quantacumque</span> <span class='ocrx_word' id='word_1_92' title='bbox 577 1538 638 1612; x_wconf 86' lang='lat' dir='ltr'>est,</span> <span class='ocrx_word' id='word_1_93' title='bbox 659 1535 800 1616; x_wconf 84' lang='lat' dir='ltr'>ejusmodi</span> <span class='ocrx_word' id='word_1_94' title='bbox 821 1537 863 1600; x_wconf 87' lang='lat' dir='ltr'>est</span> <span class='ocrx_word' id='word_1_95' title='bbox 874 1584 887 1609; x_wconf 87' lang='lat'>,</span> <span class='ocrx_word' id='word_1_96' title='bbox 908 1555 939 1597; x_wconf 93' lang='lat' dir='ltr'>ut</span> 
     </span>
     <span class='ocr_line' id='line_1_16' title="bbox 244 1616 938 1702; baseline 0 -24"><span class='ocrx_word' id='word_1_97' title='bbox 244 1619 422 1700; x_wconf 71' lang='lat' dir='ltr'>‚conseruata</span> <span class='ocrx_word' id='word_1_98' title='bbox 442 1624 561 1702; x_wconf 84' lang='lat' dir='ltr'>magis,</span> <span class='ocrx_word' id='word_1_99' title='bbox 587 1619 674 1699; x_wconf 71' lang='lat' dir='ltr'>quim</span> <span class='ocrx_word' id='word_1_100' title='bbox 697 1636 857 1700; x_wconf 85' lang='lat' dir='ltr'>correpta,</span> <span class='ocrx_word' id='word_1_101' title='bbox 881 1616 938 1678; x_wconf 80' lang='lat' dir='ltr'>effe</span> 
     </span>
     <span class='ocr_line' id='line_1_17' title="bbox 254 1698 939 1778; baseline 0 -20"><span class='ocrx_word' id='word_1_102' title='bbox 254 1698 406 1759; x_wconf 84' lang='lat' dir='ltr'>videatur:</span> <span class='ocrx_word' id='word_1_103' title='bbox 424 1717 485 1760; x_wconf 92' lang='lat' dir='ltr'>tum</span> <span class='ocrx_word' id='word_1_104' title='bbox 502 1701 662 1771; x_wconf 87' lang='lat' dir='ltr'>luxuriam,</span> <span class='ocrx_word' id='word_1_105' title='bbox 679 1719 742 1778; x_wconf 83' lang='lat' dir='ltr'>quae</span> <span class='ocrx_word' id='word_1_106' title='bbox 759 1721 819 1758; x_wconf 91' lang='lat' dir='ltr'>non</span> <span class='ocrx_word' id='word_1_107' title='bbox 838 1700 939 1763; x_wconf 89' lang='lat' dir='ltr'>crimi-</span> 
     </span>
     <span class='ocr_line' id='line_1_18' title="bbox 245 1778 939 1860; baseline 0.003 -21"><span class='ocrx_word' id='word_1_108' title='bbox 245 1799 294 1855; x_wconf 77' lang='lat' dir='ltr'>¹tie</span> <span class='ocrx_word' id='word_1_109' title='bbox 319 1781 415 1860; x_wconf 88' lang='lat' dir='ltr'>aliquo</span> <span class='ocrx_word' id='word_1_110' title='bbox 435 1781 587 1853; x_wconf 73' lang='lat' dir='ltr'>libidinis,</span> <span class='ocrx_word' id='word_1_111' title='bbox 612 1778 661 1839; x_wconf 91' lang='lat' dir='ltr'>sed</span> <span class='ocrx_word' id='word_1_112' title='bbox 678 1783 825 1838; x_wconf 90' lang='lat' dir='ltr'>communi</span> <span class='ocrx_word' id='word_1_113' title='bbox 847 1780 939 1841; x_wconf 86' lang='lat' dir='ltr'>male·</span> 
     </span>
     <span class='ocr_line' id='line_1_19' title="bbox 255 1857 938 1933; baseline 0 -15"><span class='ocrx_word' id='word_1_114' title='bbox 255 1858 331 1920; x_wconf 71' lang='lat' dir='ltr'>dislo</span> <span class='ocrx_word' id='word_1_115' title='bbox 350 1862 521 1921; x_wconf 86' lang='lat' dir='ltr'>notabatur:</span> <span class='ocrx_word' id='word_1_116' title='bbox 541 1878 603 1933; x_wconf 89' lang='lat' dir='ltr'>tum</span> <span class='ocrx_word' id='word_1_117' title='bbox 620 1857 837 1933; x_wconf 90' lang='lat' dir='ltr'>Tusculanum,</span> <span class='ocrx_word' id='word_1_118' title='bbox 877 1859 938 1919; x_wconf 93' lang='lat' dir='ltr'>uod</span> 
     </span>
     <span class='ocr_line' id='line_1_20' title="bbox 255 1881 939 2020; baseline 0.003 -21"><span class='ocrx_word' id='word_1_119' title='bbox 255 1938 299 2020; x_wconf 86' lang='lat' dir='ltr'>Q.</span> <span class='ocrx_word' id='word_1_120' title='bbox 322 1940 436 2002; x_wconf 88' lang='lat' dir='ltr'>Metelli</span> <span class='ocrx_word' id='word_1_121' title='bbox 454 1939 533 2000; x_wconf 87' lang='lat' dir='ltr'>fuisse</span> <span class='ocrx_word' id='word_1_122' title='bbox 545 1943 735 2012; x_wconf 86' lang='lat' dir='ltr'>meminerat,</span> <span class='ocrx_word' id='word_1_123' title='bbox 749 1940 782 1999; x_wconf 88' lang='lat'>&amp;</span> <span class='ocrx_word' id='word_1_124' title='bbox 795 1939 831 2000; x_wconf 87' lang='lat' dir='ltr'>L.</span> <span class='ocrx_word' id='word_1_125' title='bbox 848 1881 939 2011; x_wconf 53' lang='lat' dir='ltr'>gras-</span> 
     </span>
     <span class='ocr_line' id='line_1_21' title="bbox 254 2019 937 2093; baseline 0 -13"><span class='ocrx_word' id='word_1_126' title='bbox 254 2022 297 2080; x_wconf 92' lang='lat' dir='ltr'>si:</span> <span class='ocrx_word' id='word_1_127' title='bbox 320 2019 456 2080; x_wconf 88' lang='lat' dir='ltr'>Crassum</span> <span class='ocrx_word' id='word_1_128' title='bbox 474 2020 571 2082; x_wconf 86' lang='lat' dir='ltr'>emiffe</span> <span class='ocrx_word' id='word_1_129' title='bbox 589 2021 626 2080; x_wconf 92' lang='lat' dir='ltr'>de</span> <span class='ocrx_word' id='word_1_130' title='bbox 645 2020 778 2088; x_wconf 82' lang='lat' dir='ltr'>libertino</span> <span class='ocrx_word' id='word_1_131' title='bbox 796 2020 937 2093; x_wconf 85' lang='lat' dir='ltr'>homine,</span> 
     </span>
     <span class='ocr_line' id='line_1_22' title="bbox 244 2094 939 2182; baseline -0.001 -23"><span class='ocrx_word' id='word_1_132' title='bbox 244 2097 388 2182; x_wconf 76' lang='lat' dir='ltr'>¹Soterico</span> <span class='ocrx_word' id='word_1_133' title='bbox 407 2102 518 2162; x_wconf 86' lang='lat' dir='ltr'>Marcio</span> <span class='ocrx_word' id='word_1_134' title='bbox 530 2123 540 2174; x_wconf 84' lang='lat'>3</span> <span class='ocrx_word' id='word_1_135' title='bbox 554 2102 590 2161; x_wconf 85' lang='lat' dir='ltr'>ad</span> <span class='ocrx_word' id='word_1_136' title='bbox 610 2100 765 2160; x_wconf 89' lang='lat' dir='ltr'>Metellum</span> <span class='ocrx_word' id='word_1_137' title='bbox 779 2094 939 2180; x_wconf 63' lang='lat' dir='ltr'>&#39;pervenis-</span> 
     </span>
     <span class='ocr_line' id='line_1_23' title="bbox 253 2177 938 2241; baseline 0.004 -3"><span class='ocrx_word' id='word_1_138' title='bbox 253 2177 283 2238; x_wconf 91' lang='lat' dir='ltr'>se</span> <span class='ocrx_word' id='word_1_139' title='bbox 303 2178 340 2240; x_wconf 93' lang='lat' dir='ltr'>de</span> <span class='ocrx_word' id='word_1_140' title='bbox 365 2178 494 2241; x_wconf 90' lang='lat' dir='ltr'>Venonii</span> <span class='ocrx_word' id='word_1_141' title='bbox 519 2181 647 2240; x_wconf 90' lang='lat' dir='ltr'>Vindicii</span> <span class='ocrx_word' id='word_1_142' title='bbox 663 2181 747 2241; x_wconf 91' lang='lat' dir='ltr'>bonis</span> <span class='ocrx_word' id='word_1_143' title='bbox 769 2200 830 2240; x_wconf 90' lang='lat' dir='ltr'>non</span> <span class='ocrx_word' id='word_1_144' title='bbox 851 2196 938 2241; x_wconf 86' lang='lat' dir='ltr'>tene·</span> 
     </span>
     <span class='ocr_line' id='line_1_24' title="bbox 252 2257 937 2340; baseline 0.003 -22"><span class='ocrx_word' id='word_1_145' title='bbox 252 2257 331 2318; x_wconf 89' lang='lat' dir='ltr'>bat:</span> <span class='ocrx_word' id='word_1_146' title='bbox 361 2263 444 2320; x_wconf 92' lang='lat' dir='ltr'>simul</span> <span class='ocrx_word' id='word_1_147' title='bbox 469 2262 539 2320; x_wconf 93' lang='lat' dir='ltr'>illud</span> <span class='ocrx_word' id='word_1_148' title='bbox 562 2260 734 2332; x_wconf 87' lang='lat' dir='ltr'>nesciebat,</span> <span class='ocrx_word' id='word_1_149' title='bbox 761 2261 937 2340; x_wconf 81' lang='lat' dir='ltr'>praediorum</span> 
     </span>
     <span class='ocr_line' id='line_1_25' title="bbox 244 2336 937 2422; baseline 0.007 -26"><span class='ocrx_word' id='word_1_150' title='bbox 244 2336 361 2415; x_wconf 44' lang='lat' dir='ltr'>:nullam</span> <span class='ocrx_word' id='word_1_151' title='bbox 380 2338 436 2402; x_wconf 83' lang='lat' dir='ltr'>effe</span> <span class='ocrx_word' id='word_1_152' title='bbox 458 2359 595 2422; x_wconf 88' lang='lat' dir='ltr'>gentem:</span> <span class='ocrx_word' id='word_1_153' title='bbox 616 2341 813 2421; x_wconf 86' lang='lat' dir='ltr'>emptionibus</span> <span class='ocrx_word' id='word_1_154' title='bbox 831 2361 866 2400; x_wconf 89' lang='lat' dir='ltr'>ea</span> <span class='ocrx_word' id='word_1_155' title='bbox 887 2339 937 2401; x_wconf 90' lang='lat' dir='ltr'>so-</span> 
     </span>
     <span class='ocr_line' id='line_1_26' title="bbox 241 2417 935 2503; baseline 0 -24"><span class='ocrx_word' id='word_1_156' title='bbox 241 2417 316 2489; x_wconf 62' lang='lat' dir='ltr'>‚lere</span> <span class='ocrx_word' id='word_1_157' title='bbox 337 2417 410 2499; x_wconf 88' lang='lat' dir='ltr'>saepe</span> <span class='ocrx_word' id='word_1_158' title='bbox 433 2421 602 2495; x_wconf 87' lang='lat' dir='ltr'>adalienos</span> <span class='ocrx_word' id='word_1_159' title='bbox 624 2421 782 2493; x_wconf 85' lang='lat' dir='ltr'>homines,</span> <span class='ocrx_word' id='word_1_160' title='bbox 800 2419 876 2503; x_wconf 85' lang='lat' dir='ltr'>saepe</span> <span class='ocrx_word' id='word_1_161' title='bbox 899 2419 935 2482; x_wconf 88' lang='lat' dir='ltr'>ad</span> 
     </span>
     <span class='ocr_line' id='line_1_27' title="bbox 215 2497 933 2584; baseline -0.001 -23"><span class='ocrx_word' id='word_1_162' title='bbox 215 2521 218 2527; x_wconf 80' lang='grc'><strong>’</strong></span> <span class='ocrx_word' id='word_1_163' title='bbox 241 2497 392 2584; x_wconf 73' lang='lat' dir='ltr'>infimos,</span> <span class='ocrx_word' id='word_1_164' title='bbox 411 2523 472 2580; x_wconf 80' lang='lat' dir='ltr'>non</span> <span class='ocrx_word' id='word_1_165' title='bbox 491 2503 623 2584; x_wconf 84' lang='lat' dir='ltr'>legibus,</span> <span class='ocrx_word' id='word_1_166' title='bbox 641 2518 789 2583; x_wconf 80' lang='lat' dir='ltr'>tamquam</span> <span class='ocrx_word' id='word_1_167' title='bbox 811 2501 933 2574; x_wconf 80' lang='lat' dir='ltr'>tutelas,</span> 
     </span>
     <span class='ocr_line' id='line_1_28' title="bbox 252 2599 417 2662; baseline 0.006 -21"><span class='ocrx_word' id='word_1_168' title='bbox 252 2599 417 2662; x_wconf 85' lang='lat' dir='ltr'>pervenire.</span> 
     </span>
    </p>

    <p class='ocr_par' dir='ltr' id='par_1_4' title="bbox 253 2659 932 2907">
     <span class='ocr_line' id='line_1_29' title="bbox 300 2659 932 2741; baseline -0.003 -19"><span class='ocrx_word' id='word_1_169' title='bbox 300 2679 345 2739; x_wconf 85' lang='lat'>57.</span> <span class='ocrx_word' id='word_1_170' title='bbox 369 2659 527 2740; x_wconf 70' lang='lat' dir='ltr'>Objeslum</span> <span class='ocrx_word' id='word_1_171' title='bbox 546 2660 587 2722; x_wconf 88' lang='lat' dir='ltr'>est</span> <span class='ocrx_word' id='word_1_172' title='bbox 603 2664 716 2734; x_wconf 87' lang='lat' dir='ltr'>etiam,</span> <span class='ocrx_word' id='word_1_173' title='bbox 735 2659 816 2741; x_wconf 88' lang='lat' dir='ltr'>qubd</span> <span class='ocrx_word' id='word_1_174' title='bbox 831 2660 861 2720; x_wconf 92' lang='lat' dir='ltr'>in</span> <span class='ocrx_word' id='word_1_175' title='bbox 881 2661 932 2720; x_wconf 86' lang='lat' dir='ltr'>tri·</span> 
     </span>
     <span class='ocr_line' id='line_1_30' title="bbox 254 2735 930 2823; baseline 0.003 -26"><span class='ocrx_word' id='word_1_176' title='bbox 254 2735 324 2796; x_wconf 88' lang='lat' dir='ltr'>bum</span> <span class='ocrx_word' id='word_1_177' title='bbox 342 2739 553 2802; x_wconf 85' lang='lat' dir='ltr'>Crustuminam</span> <span class='ocrx_word' id='word_1_178' title='bbox 576 2743 741 2823; x_wconf 85' lang='lat' dir='ltr'>pervenerit</span> <span class='ocrx_word' id='word_1_179' title='bbox 757 2762 766 2814; x_wconf 93' lang='lat'>;</span> <span class='ocrx_word' id='word_1_180' title='bbox 789 2742 874 2822; x_wconf 86' lang='lat' dir='ltr'>quod¹</span> <span class='ocrx_word' id='word_1_181' title='bbox 890 2739 930 2814; x_wconf 74' lang='lat' dir='ltr'>liic</span> 
     </span>
     <span class='ocr_line' id='line_1_31' title="bbox 253 2814 929 2907; baseline 0.003 -28"><span class='ocrx_word' id='word_1_182' title='bbox 253 2814 391 2883; x_wconf 71' lang='lat' dir='ltr'>assecutus</span> <span class='ocrx_word' id='word_1_183' title='bbox 406 2822 445 2885; x_wconf 89' lang='lat' dir='ltr'>est</span> <span class='ocrx_word' id='word_1_184' title='bbox 458 2822 581 2907; x_wconf 83' lang='lat' dir='ltr'>legisde</span> <span class='ocrx_word' id='word_1_185' title='bbox 599 2823 710 2884; x_wconf 88' lang='lat' dir='ltr'>ambitu</span> <span class='ocrx_word' id='word_1_186' title='bbox 726 2822 867 2903; x_wconf 83' lang='lat' dir='ltr'>ptaemio,</span> <span class='ocrx_word' id='word_1_187' title='bbox 880 2822 929 2881; x_wconf 88' lang='lat' dir='ltr'>tni·</span> 
     </span>
    </p>
   </div>
   <div class='ocr_carea' id='block_1_3' title="bbox 0 0 1064 3942">
    <p class='ocr_par' dir='ltr' id='par_1_5' title="bbox 0 0 1064 3942">
     <span class='ocr_line' id='line_1_32' title="bbox 0 0 1064 3942; baseline 0 0"><span class='ocrx_word' id='word_1_188' title='bbox 0 0 1064 3942; x_wconf 95' lang='lat' dir='ltr'> </span> 
     </span>
    </p>
   </div>
  </div>
 </body>
</html>
