2117 3942
265 393 342 490 526
491 389 719 458 onnrro

287 508 380 566 icione
398 524 458 584 prae
477 502 507 564 se
525 501 599 572 fert,
614 499 698 560 ficile
720 496 872 574 declarat,
892 516 937 560 nou

261 529 345 646 little
363 582 519 665 fuglendos
534 583 652 641 tribules
672 580 742 638 huic
759 579 893 659 judices,
907 583 939 640 cui

262 666 452 746 quaesitorent
476 662 611 724 tribulem
639 662 848 740 exoptandum
876 659 940 722 fuille

263 746 400 807 videatis.

307 823 445 884 XVIII.
466 821 572 905 Neque
602 840 661 902 ego
689 841 773 882 nunc
806 823 942 883 consiliunt

264 904 452 985 reprehendo
472 921 574 974 tuum,
593 900 674 981 quod
693 923 760 962 non
779 924 830 964 eas
848 904 942 974 tribus,

230 1025 236 1031 -
289 987 370 1046 uibus
390 988 435 1045 hic
455 983 579 1044 maxitne
596 998 684 1041 notus
707 1001 796 1058 erat,
813 984 941 1054 edideris,

264 1009 318 1128 led
340 1081 403 1127 ate
423 1065 519 1125 doceo
543 1063 695 1123 consilium
725 1085 790 1123 non
815 1063 942 1126 servatum

265 1146 388 1208 senatus.
410 1145 527 1206 Etenim
545 1145 607 1225 quis
623 1159 654 1202 te
670 1159 736 1202 turn
759 1145 875 1206 audiret
890 1145 941 1204 illo·

267 1227 357 1287 runt?
390 1243 439 1287 aut
466 1225 536 1307 quid
566 1222 706 1283 diceres?
742 1223 939 1307 sequestremne

266 1307 435 1368 Plancium?
451 1304 618 1387 respuerent
630 1306 733 1379 aures,
748 1327 844 1367 nemo
856 1324 939 1430 agnou·

269 1405 370 1460 ceter,
391 1387 612 1468 repudiaretur:
640 1404 678 1443 art
701 1387 884 1466 gratiosum.
912 1383 940 1443 ll

267 1469 393 1527 libenter
412 1467 564 1537 audirent;
585 1485 640 1524 nos
657 1485 721 1524 non
741 1469 848 1528 timide
865 1463 941 1527 coufi-

265 1563 413 1606 teremur:
435 1547 497 1605 noli
524 1548 603 1620 enim
625 1561 755 1625 putate,
772 1547 940 1618 Laterensis,

267 1627 380 1708 legibus
398 1624 474 1701 illis,
490 1648 561 1711 quas
576 1625 689 1686 senatus
708 1626 751 1688 de
769 1630 878 1688 ambitu
891 1627 940 1687 sau·

267 1710 326 1768 cire
342 1707 493 1782 voluerit,
511 1706 541 1766 id
554 1704 610 1767 elle
627 1705 749 1782 adium,
771 1727 804 1769 ut
820 1706 939 1789 suffraga-

267 1791 334 1861 tio,
354 1803 387 1848 ut
404 1787 607 1860 observantia,
623 1804 655 1846 ut
676 1791 773 1869 gratia
791 1790 939 1850 tolleretur:

268 1868 383 1950 semper
396 1867 510 1930 fuerunt
525 1868 596 1928 boni
608 1869 681 1939 viri,
699 1871 752 1948 qui
771 1870 851 1952 apud
867 1868 939 1929 tribu·

270 1950 313 2010 les
335 1949 400 2011 suos
426 1951 543 2033 gratiosi
566 1946 622 2008 elle
646 1948 773 2011 vellent.

310 2049 360 2111 45.
385 2029 490 2111 Neque
506 2030 579 2090 vero
598 2047 659 2088 tam
678 2028 774 2090 durus¹
787 2033 818 2090 in
840 2028 939 2112 plebem

269 2109 367 2172 noller
385 2111 460 2172 ordo
478 2111 550 2183 fuit,
566 2127 597 2169 ut
615 2128 680 2169 eam
694 2111 757 2170 coli
777 2109 874 2171 nostri
890 2128 939 2168 nro·

268 2189 333 2249 dica
349 2192 519 2251 liberalitate
532 2191 674 2250 noluerit:
693 2209 794 2271 neque
809 2193 868 2252 hoc
884 2189 939 2250 libe·

267 2271 306 2326 ris
332 2269 433 2329 nostris
455 2270 686 2331 interdicendum
705 2269 750 2331 est
768 2317 779 2345 ,
797 2293 838 2333 ne
858 2269 938 2332 obser·

264 2365 339 2409 trent
358 2350 475 2410 tribules
492 2349 578 2422 suos,
597 2370 635 2410 ne
653 2349 796 2432 diligant,
809 2374 849 2414 ne
865 2345 939 2412 confi·

267 2450 336 2491 tere
358 2429 516 2490 netellatiis
533 2429 587 2488 suis
605 2429 683 2490 suam
697 2431 807 2490 tribum
827 2434 939 2514 possint,
966 2456 969 2467 ·

270 2532 308 2572 ne
322 2533 374 2592 par
392 2513 429 2572 ab
448 2513 481 2571 iis
498 2531 602 2571 munus
628 2513 658 2570 in
672 2509 721 2571 sua
739 2515 884 2593 petitione
902 2529 938 2569 rt·

265 2591 397 2672 {pellent
408 2614 415 2652 z
430 2593 491 2653 haec
507 2596 584 2654 enim
595 2591 681 2672 plena
691 2591 756 2652 sunt
768 2592 856 2653 officii
868 2639 877 2667 ‚
889 2591 938 2671 ple·

265 2693 307 2730 na
330 2672 516 2734 observantiae
533 2718 542 2747 ‚
558 2672 644 2753 plena
661 2675 749 2733 etiam
768 2672 938 2756 antiquitatis·

265 2749 329 2810 -lllo
345 2755 374 2812 in
391 2774 498 2836 genere
516 2755 548 2815 &
564 2752 668 2813 fuimus
686 2756 762 2834 ipsi,
782 2776 875 2837 quum
894 2769 940 2812 am·

265 2829 384 2891 bitionis
411 2833 512 2895 nosttae
531 2851 590 2894 tem
614 2855 663 2894 ora
687 2833 898 2914 postulabant,
916 2830 939 2889 ἃ

268 2911 441 2978 clarissimos
462 2919 542 2981 vitos
559 2934 576 2977 e
600 2935 616 2976 e
636 2913 791 2991 vidimus,
811 2917 844 2979 δι
866 2911 939 2976 hode
