2117 3942
198 371 249 442 72
332 384 336 391 ·
411 348 629 417 OnArro

194 463 256 523 ada
272 458 310 522 C.
325 459 466 534 Caesaris,
480 462 537 522 viri
551 457 719 523 fortissimi?
735 458 880 523 Minime:

195 562 290 624 neque
303 545 387 603 euim
406 563 473 605 mea
488 541 548 623 jam
566 542 723 637 quidquam
738 541 882 622 interest,

196 624 329 705 exceptis,
338 623 380 684 his
395 625 478 698 telis,
502 642 566 703 quae
586 641 623 682 ex
636 621 708 680 illius
721 620 882 683 affionibus

196 706 229 763 in
246 723 346 764 meum
365 725 471 786 corpus
486 701 606 763 immissa
624 700 695 761 suut.

196 799 202 805 ·
236 802 287 858 40.
300 783 360 844 Sed
371 785 432 845 haec
446 784 483 844 de
494 783 623 875 auspiciis
634 827 643 855 ‚
656 803 720 864 quae
732 801 790 864 ego
802 782 882 842 nunc

195 865 378 944 perbreviter
396 867 532 946 attingo,
556 863 617 923 ada
634 862 732 922 sunta
749 879 779 923 te
798 884 806 921 ε
827 879 882 938 tu,

196 959 248 1004 tuo
269 947 353 1026 praeci
376 947 464 1006 itante
483 943 542 1022 jam
562 942 766 1004 &debilitato
788 943 883 1004 tribu·

197 1032 291 1101 natu,
310 967 496 1104 auditurum
518 1041 657 1104 patronus
679 1022 772 1082 subito
794 1022 882 1084 exsti·

195 1103 252 1165 tisti
266 1125 273 1164 :
288 1121 319 1164 tu
336 1105 382 1164 M.
394 1105 527 1166 Bibulum
537 1107 566 1174 in
576 1106 769 1178 concionem,
781 1121 813 1171 tu
827 1125 881 1162 au-

195 1193 282 1265 fgures
300 1183 455 1264 produxisti
469 1205 476 1242 ι
489 1201 521 1244 te
542 1187 738 1266 interrogante
760 1204 881 1266 augures

194 1264 424 1346 responderunt,
436 1284 523 1344 quum
538 1265 575 1325 de
586 1265 663 1324 coelo
673 1262 814 1324 servatum
821 1267 881 1345 ait,

196 1350 264 1404 cum
278 1344 390 1426 populo
409 1346 454 1426 agi
473 1364 533 1413 non
549 1342 647 1426 poffe:
661 1346 714 1414 tibi
730 1343 775 1404 M.
792 1343 882 1405 Bibu-

195 1424 240 1484 lus
255 1427 414 1506 quaerenti,
431 1425 460 1485 se
476 1423 512 1484 de
529 1425 607 1484 coelo
623 1423 747 1485 servasse
757 1423 881 1506 respon·

195 1505 256 1564 dit-t
267 1505 405 1586 idemque
416 1506 446 1573 iu
457 1505 600 1566 concione
610 1504 698 1575 dixit,
710 1506 746 1564 ab
760 1505 881 1587 Appio,

195 1583 282 1646 fratre
301 1602 377 1657 tuo,
393 1583 573 1667 produdus,
591 1603 622 1645 te
641 1588 785 1659 omnino,
801 1586 880 1668 quod

196 1680 298 1724 eontra
313 1665 432 1745 auspicia
448 1665 604 1747 adoptatus
615 1663 713 1739 effes,
733 1667 882 1733 tribunum

196 1745 365 1825 plebis'non
377 1745 476 1806 fuiffet
489 1760 539 1805 tua
556 1746 680 1826 denique
696 1747 791 1806 omnis
805 1746 880 1809 attio

196 1825 400 1906 posterioribus
420 1826 566 1886 mensibus
588 1825 662 1900 fuit,
677 1828 796 1899 omnia,
815 1820 881 1907 qufae

199 1903 238 1967 C.
255 1904 350 1967 Caesar
363 1905 461 1988 egiffet
472 1951 481 1980 ,
491 1907 571 1986 quod
586 1921 685 1965 contra
701 1904 824 1986 auspicia
839 1906 881 1969 es·

197 1985 260 2048 sent
276 1987 336 2048 ada
346 2032 356 2059 ‚
368 2007 423 2068 per
438 1986 569 2053 senatum
584 1985 704 2065 rescindi
719 2003 880 2067 oportere3

197 2067 277 2146 quod
291 2066 408 2128 sifieiet
421 2113 432 2139 ,
451 2067 566 2127 dicebas
578 2084 608 2128 te
624 2068 679 2127 tuis
692 2068 819 2137 humeris
830 2082 880 2134 me

198 2145 350 2219 custodem
371 2148 493 2207 urbisin
513 2148 616 2208 urbem
636 2147 802 2208 relaturum.
821 2146 882 2222 Vi·

198 2225 266 2285 dete
279 2226 404 2288 hominis
416 2231 592 2301 amentiam,
606 2229 655 2297 ubi
668 2227 813 2308 persuum
827 2230 880 2288 rri-

197 2305 335 2367 bunatum
356 2305 474 2368 casaris
492 2307 560 2368 adis
581 2308 703 2389 ifligatus
718 2310 879 2376 teneretur.

198 2384 228 2446 si
245 2386 278 2446 δι
296 2381 438 2448 sacrorum
459 2385 521 2466 jure
543 2387 715 2469 pontifices,
730 2388 763 2449 dt
782 2387 880 2470 auspis-

196 2468 467 2550 ciorum-religione
488 2470 722 2550 auguree'totum
745 2485 880 2530 evertunt

196 2548 369 2608 tribunatum
391 2567 473 2609 tuum
488 2594 497 2623 ,
515 2549 584 2628 quid
594 2552 596 2556 ’
608 2551 709 2629 quaeris
731 2549 878 2629 amplius?

195 2645 232 2685 an
252 2631 338 2689 etiam
357 2630 482 2752 εξεττίμε
502 2629 622 2711 aliquod
633 2627 678 2710 jus
692 2630 816 2712 populi,
830 2646 879 2698 at·

192 2722 254 2781 que
271 2708 384 2847 lequm.
619 2740 622 2745 ·

93 2827 95 2830 .
199 2793 206 2823 ²
236 2782 299 2845 X=V
324 2789 436 2861 ..Hord
455 2787 571 2863 fortasse
591 2788 670 2850 sexti
688 2789 745 2851 diei
763 2788 879 2872 questus

190 2856 256 2936 ‚sum
271 2864 445 2952 injudicio,
461 2884 550 2951 quum
567 2868 606 2932 C.
622 2870 803 3011 Antoniuml‚
814 2870 879 2930 col·

794 2969 879 3035 egani
