<?xml version="1.0" encoding="UTF-8"?>
<!DOCTYPE html PUBLIC "-//W3C//DTD XHTML 1.0 Transitional//EN"
    "http://www.w3.org/TR/xhtml1/DTD/xhtml1-transitional.dtd">
<html xmlns="http://www.w3.org/1999/xhtml" xml:lang="en" lang="en">
 <head>
  <title>
</title>
<meta http-equiv="Content-Type" content="text/html;charset=utf-8" />
  <meta name='ocr-system' content='tesseract 3.04.00' />
  <meta name='ocr-capabilities' content='ocr_page ocr_carea ocr_par ocr_line ocrx_word'/>
</head>
<body>
  <div class='ocr_page' id='page_1' title='image "./mtulliiciceroni06lallgoog_0409.png"; bbox 0 0 2117 3942; ppageno 0'>
   <div class='ocr_carea' id='block_1_1' title="bbox 272 375 722 472">
    <p class='ocr_par' dir='ltr' id='par_1_1' title="bbox 272 375 722 472">
     <span class='ocr_line' id='line_1_1' title="bbox 272 375 722 472; baseline -0.009 -22"><span class='ocrx_word' id='word_1_1' title='bbox 272 378 350 472; x_wconf 76' lang='lat'>448</span> <span class='ocrx_word' id='word_1_2' title='bbox 496 375 722 447; x_wconf 77' lang='lat' dir='ltr'>ormo</span> 
     </span>
    </p>
   </div>
   <div class='ocr_carea' id='block_1_2' title="bbox 243 489 953 2992">
    <p class='ocr_par' dir='ltr' id='par_1_2' title="bbox 243 489 953 2804">
     <span class='ocr_line' id='line_1_2' title="bbox 272 489 953 576; baseline 0 -21"><span class='ocrx_word' id='word_1_3' title='bbox 272 491 453 573; x_wconf 66' lang='lat' dir='ltr'>ejusinvitlis</span> <span class='ocrx_word' id='word_1_4' title='bbox 469 491 655 573; x_wconf 75' lang='lat' dir='ltr'><strong>legionibus,</strong></span> <span class='ocrx_word' id='word_1_5' title='bbox 665 511 702 551; x_wconf 87' lang='lat' dir='ltr'>ne</span> <span class='ocrx_word' id='word_1_6' title='bbox 713 489 797 550; x_wconf 86' lang='lat' dir='ltr'>armis</span> <span class='ocrx_word' id='word_1_7' title='bbox 813 489 953 576; x_wconf 73' lang='lat' dir='ltr'>conflige-¹</span> 
     </span>
     <span class='ocr_line' id='line_1_3' title="bbox 270 570 942 651; baseline 0 -17"><span class='ocrx_word' id='word_1_8' title='bbox 270 591 336 648; x_wconf 86' lang='lat' dir='ltr'>ret,</span> <span class='ocrx_word' id='word_1_9' title='bbox 352 572 516 634; x_wconf 84' lang='lat' dir='ltr'>cedendum</span> <span class='ocrx_word' id='word_1_10' title='bbox 528 570 584 632; x_wconf 80' lang='lat' dir='ltr'>effe</span> <span class='ocrx_word' id='word_1_11' title='bbox 602 572 692 631; x_wconf 82' lang='lat' dir='ltr'>duxit.</span> <span class='ocrx_word' id='word_1_12' title='bbox 711 570 805 651; x_wconf 88' lang='lat' dir='ltr'>Quod</span> <span class='ocrx_word' id='word_1_13' title='bbox 824 574 917 634; x_wconf 86' lang='lat' dir='ltr'>mihii</span> <span class='ocrx_word' id='word_1_14' title='bbox 936 577 942 588; x_wconf 83' lang='grc'><strong><em>’</em></strong></span> 
     </span>
     <span class='ocr_line' id='line_1_4' title="bbox 268 596 953 731; baseline 0.001 -18"><span class='ocrx_word' id='word_1_15' title='bbox 268 669 315 715; x_wconf 84' lang='lat' dir='ltr'>tut</span> <span class='ocrx_word' id='word_1_16' title='bbox 327 671 475 714; x_wconf 86' lang='lat' dir='ltr'>certarnen</span> <span class='ocrx_word' id='word_1_17' title='bbox 489 650 559 713; x_wconf 83' lang='lat' dir='ltr'>ellet</span> <span class='ocrx_word' id='word_1_18' title='bbox 568 650 749 731; x_wconf 80' lang='lat' dir='ltr'>hujusmodi?</span> <span class='ocrx_word' id='word_1_19' title='bbox 762 671 829 711; x_wconf 86' lang='lat' dir='ltr'>cum</span> <span class='ocrx_word' id='word_1_20' title='bbox 840 652 879 713; x_wconf 86' lang='lat' dir='ltr'>C.</span> <span class='ocrx_word' id='word_1_21' title='bbox 890 596 953 714; x_wconf 50' lang='lat' dir='ltr'>llll</span> 
     </span>
     <span class='ocr_line' id='line_1_5' title="bbox 270 734 952 813; baseline 0.001 -19"><span class='ocrx_word' id='word_1_22' title='bbox 270 736 315 795; x_wconf 86' lang='lat' dir='ltr'>rio</span> <span class='ocrx_word' id='word_1_23' title='bbox 328 734 453 807; x_wconf 86' lang='lat' dir='ltr'>scilicet,</span> <span class='ocrx_word' id='word_1_24' title='bbox 467 750 516 793; x_wconf 88' lang='lat' dir='ltr'>aut</span> <span class='ocrx_word' id='word_1_25' title='bbox 534 754 601 793; x_wconf 87' lang='lat' dir='ltr'>cum</span> <span class='ocrx_word' id='word_1_26' title='bbox 617 734 713 813; x_wconf 90' lang='lat' dir='ltr'>aliquo</span> <span class='ocrx_word' id='word_1_27' title='bbox 734 735 817 813; x_wconf 89' lang='lat' dir='ltr'>pari,</span> <span class='ocrx_word' id='word_1_28' title='bbox 837 754 875 793; x_wconf 89' lang='lat' dir='ltr'>an</span> <span class='ocrx_word' id='word_1_29' title='bbox 888 755 952 795; x_wconf 81' lang='lat' dir='ltr'>cuns</span> 
     </span>
     <span class='ocr_line' id='line_1_6' title="bbox 270 812 951 936; baseline 0.003 -63"><span class='ocrx_word' id='word_1_30' title='bbox 270 812 384 889; x_wconf 82' lang='lat' dir='ltr'>altero,</span> <span class='ocrx_word' id='word_1_31' title='bbox 408 815 532 874; x_wconf 88' lang='lat' dir='ltr'>barbaro</span> <span class='ocrx_word' id='word_1_32' title='bbox 561 813 711 936; x_wconf 56' lang='grc' dir='ltr'>Εξίειιῐο,</span> <span class='ocrx_word' id='word_1_33' title='bbox 741 834 809 872; x_wconf 90' lang='lat' dir='ltr'>cum</span> <span class='ocrx_word' id='word_1_34' title='bbox 837 814 951 887; x_wconf 83' lang='lat' dir='ltr'>altero,</span> 
     </span>
     <span class='ocr_line' id='line_1_7' title="bbox 271 892 951 974; baseline 0.003 -20"><span class='ocrx_word' id='word_1_35' title='bbox 271 892 405 956; x_wconf 76' lang='lat' dir='ltr'>Catilinae</span> <span class='ocrx_word' id='word_1_36' title='bbox 427 895 597 955; x_wconf 84' lang='lat' dir='ltr'>laternario.</span> <span class='ocrx_word' id='word_1_37' title='bbox 624 915 697 974; x_wconf 88' lang='lat' dir='ltr'>quos</span> <span class='ocrx_word' id='word_1_38' title='bbox 718 913 814 974; x_wconf 88' lang='lat' dir='ltr'>neque</span> <span class='ocrx_word' id='word_1_39' title='bbox 838 895 951 956; x_wconf 85' lang='lat' dir='ltr'>hercule</span> 
     </span>
     <span class='ocr_line' id='line_1_8' title="bbox 271 970 952 1058; baseline 0.003 -23"><span class='ocrx_word' id='word_1_40' title='bbox 271 995 347 1058; x_wconf 85' lang='lat' dir='ltr'>ego,</span> <span class='ocrx_word' id='word_1_41' title='bbox 365 970 460 1057; x_wconf 83' lang='lat' dir='ltr'>neque</span> <span class='ocrx_word' id='word_1_42' title='bbox 476 974 657 1055; x_wconf 85' lang='lat' dir='ltr'>supercilium</span> <span class='ocrx_word' id='word_1_43' title='bbox 673 992 773 1047; x_wconf 87' lang='lat' dir='ltr'>tuum,</span> <span class='ocrx_word' id='word_1_44' title='bbox 787 993 886 1056; x_wconf 90' lang='lat' dir='ltr'>neque</span> <span class='ocrx_word' id='word_1_45' title='bbox 897 977 952 1036; x_wconf 64' lang='lat' dir='ltr'>cola</span> 
     </span>
     <span class='ocr_line' id='line_1_9' title="bbox 270 1053 950 1138; baseline 0.004 -24"><span class='ocrx_word' id='word_1_46' title='bbox 270 1055 344 1138; x_wconf 85' lang='lat' dir='ltr'>legae</span> <span class='ocrx_word' id='word_1_47' title='bbox 364 1059 405 1115; x_wconf 92' lang='lat' dir='ltr'>tui</span> <span class='ocrx_word' id='word_1_48' title='bbox 418 1055 574 1135; x_wconf 85' lang='lat' dir='ltr'>cymbala,</span> <span class='ocrx_word' id='word_1_49' title='bbox 593 1077 626 1115; x_wconf 88' lang='lat' dir='ltr'>ac</span> <span class='ocrx_word' id='word_1_50' title='bbox 642 1054 749 1115; x_wconf 83' lang='lat' dir='ltr'>crotala</span> <span class='ocrx_word' id='word_1_51' title='bbox 768 1053 847 1136; x_wconf 84' lang='lat' dir='ltr'>fugi:</span> <span class='ocrx_word' id='word_1_52' title='bbox 862 1075 950 1138; x_wconf 82' lang='lat' dir='ltr'>neque</span> 
     </span>
     <span class='ocr_line' id='line_1_10' title="bbox 243 1135 948 1216; baseline -0.003 -18"><span class='ocrx_word' id='word_1_53' title='bbox 243 1188 247 1198; x_wconf 95' lang='lat'>.</span> <span class='ocrx_word' id='word_1_54' title='bbox 270 1145 330 1196; x_wconf 84' lang='lat' dir='ltr'>tar&#39;n</span> <span class='ocrx_word' id='word_1_55' title='bbox 343 1135 383 1195; x_wconf 86' lang='lat' dir='ltr'>fui</span> <span class='ocrx_word' id='word_1_56' title='bbox 402 1135 539 1205; x_wconf 87' lang='lat' dir='ltr'>timidus,</span> <span class='ocrx_word' id='word_1_57' title='bbox 557 1151 609 1209; x_wconf 91' lang='lat' dir='ltr'>ut,</span> <span class='ocrx_word' id='word_1_58' title='bbox 627 1138 676 1216; x_wconf 87' lang='lat' dir='ltr'>qui</span> <span class='ocrx_word' id='word_1_59' title='bbox 695 1137 879 1195; x_wconf 81' lang='lat' dir='ltr'>inmaximis</span> <span class='ocrx_word' id='word_1_60' title='bbox 895 1155 948 1196; x_wconf 81' lang='lat' dir='ltr'>tur·</span> 
     </span>
     <span class='ocr_line' id='line_1_11' title="bbox 270 1214 949 1299; baseline 0.004 -25"><span class='ocrx_word' id='word_1_61' title='bbox 270 1217 383 1276; x_wconf 88' lang='lat' dir='ltr'>binibus</span> <span class='ocrx_word' id='word_1_62' title='bbox 400 1237 434 1276; x_wconf 87' lang='lat' dir='ltr'>ac</span> <span class='ocrx_word' id='word_1_63' title='bbox 450 1214 578 1276; x_wconf 62' lang='lat' dir='ltr'>fluetibus</span> <span class='ocrx_word' id='word_1_64' title='bbox 598 1216 761 1296; x_wconf 82' lang='lat' dir='ltr'>reipublicae</span> <span class='ocrx_word' id='word_1_65' title='bbox 776 1237 886 1277; x_wconf 86' lang='lat' dir='ltr'>navem</span> <span class='ocrx_word' id='word_1_66' title='bbox 903 1238 949 1299; x_wconf 81' lang='lat' dir='ltr'>go·</span> 
     </span>
     <span class='ocr_line' id='line_1_12' title="bbox 270 1294 948 1376; baseline 0.004 -22"><span class='ocrx_word' id='word_1_67' title='bbox 270 1295 448 1368; x_wconf 61' lang='lat' dir='ltr'>humilem,</span> <span class='ocrx_word' id='word_1_68' title='bbox 471 1294 636 1376; x_wconf 82' lang='lat' dir='ltr'>salvamque</span> <span class='ocrx_word' id='word_1_69' title='bbox 655 1299 684 1354; x_wconf 91' lang='lat' dir='ltr'>in</span> <span class='ocrx_word' id='word_1_70' title='bbox 704 1313 791 1376; x_wconf 91' lang='lat' dir='ltr'>portu</span> <span class='ocrx_word' id='word_1_71' title='bbox 811 1298 948 1357; x_wconf 85' lang='lat' dir='ltr'>collocas-</span> 
     </span>
     <span class='ocr_line' id='line_1_13' title="bbox 271 1375 948 1460; baseline 0.003 -24"><span class='ocrx_word' id='word_1_72' title='bbox 271 1375 332 1437; x_wconf 84' lang='lat' dir='ltr'>sem</span> <span class='ocrx_word' id='word_1_73' title='bbox 342 1422 353 1448; x_wconf 94' lang='lat'>,</span> <span class='ocrx_word' id='word_1_74' title='bbox 368 1376 468 1436; x_wconf 86' lang='lat' dir='ltr'>frontis</span> <span class='ocrx_word' id='word_1_75' title='bbox 480 1394 540 1435; x_wconf 79' lang='lat' dir='ltr'>tuae</span> <span class='ocrx_word' id='word_1_76' title='bbox 550 1377 741 1450; x_wconf 84' lang='lat' dir='ltr'>nubeculam,</span> <span class='ocrx_word' id='word_1_77' title='bbox 754 1395 823 1436; x_wconf 79' lang='lat' dir='ltr'>tum</span> <span class='ocrx_word' id='word_1_78' title='bbox 834 1378 948 1460; x_wconf 80' lang='lat' dir='ltr'>collega</span> 
     </span>
     <span class='ocr_line' id='line_1_14' title="bbox 270 1456 948 1538; baseline 0.004 -23"><span class='ocrx_word' id='word_1_79' title='bbox 270 1459 312 1515; x_wconf 85' lang='lat' dir='ltr'>tui</span> <span class='ocrx_word' id='word_1_80' title='bbox 319 1458 546 1516; x_wconf 85' lang='lat' dir='ltr'>contaminatum</span> <span class='ocrx_word' id='word_1_81' title='bbox 553 1456 948 1538; x_wconf 81' lang='lat' dir='ltr'>spiritum,pertimescerem.</span> 
     </span>
     <span class='ocr_line' id='line_1_15' title="bbox 270 1535 947 1620; baseline 0.013 -30"><span class='ocrx_word' id='word_1_82' title='bbox 270 1582 275 1589; x_wconf 84' lang='grc'><em>,</em></span> <span class='ocrx_word' id='word_1_83' title='bbox 312 1555 361 1596; x_wconf 83' lang='lat'>21.</span> <span class='ocrx_word' id='word_1_84' title='bbox 384 1535 469 1595; x_wconf 91' lang='lat' dir='ltr'>Alios</span> <span class='ocrx_word' id='word_1_85' title='bbox 489 1555 546 1618; x_wconf 88' lang='lat' dir='ltr'>ego</span> <span class='ocrx_word' id='word_1_86' title='bbox 564 1537 624 1596; x_wconf 85' lang='lat' dir='ltr'>vidi</span> <span class='ocrx_word' id='word_1_87' title='bbox 641 1554 747 1598; x_wconf 87' lang='lat' dir='ltr'>ventos</span> <span class='ocrx_word' id='word_1_88' title='bbox 767 1582 777 1611; x_wconf 91' lang='lat'><strong>‚</strong></span> <span class='ocrx_word' id='word_1_89' title='bbox 798 1539 867 1598; x_wconf 85' lang='lat' dir='ltr'>alias</span> <span class='ocrx_word' id='word_1_90' title='bbox 883 1561 947 1620; x_wconf 90' lang='lat' dir='ltr'>pro·</span> 
     </span>
     <span class='ocr_line' id='line_1_16' title="bbox 271 1614 948 1698; baseline 0.006 -22"><span class='ocrx_word' id='word_1_91' title='bbox 271 1614 352 1696; x_wconf 77' lang='lat' dir='ltr'>speri</span> <span class='ocrx_word' id='word_1_92' title='bbox 365 1618 462 1676; x_wconf 88' lang='lat' dir='ltr'>animo</span> <span class='ocrx_word' id='word_1_93' title='bbox 475 1617 637 1697; x_wconf 83' lang='lat' dir='ltr'>procellas,</span> <span class='ocrx_word' id='word_1_94' title='bbox 648 1619 707 1677; x_wconf 89' lang='lat' dir='ltr'>aliis</span> <span class='ocrx_word' id='word_1_95' title='bbox 717 1619 948 1698; x_wconf 82' lang='lat' dir='ltr'>impendentibus</span> 
     </span>
     <span class='ocr_line' id='line_1_17' title="bbox 268 1695 948 1777; baseline 0.006 -21"><span class='ocrx_word' id='word_1_96' title='bbox 268 1695 489 1777; x_wconf 74' lang='lat' dir='ltr'>tempestatibus</span> <span class='ocrx_word' id='word_1_97' title='bbox 507 1718 567 1756; x_wconf 85' lang='lat' dir='ltr'>non</span> <span class='ocrx_word' id='word_1_98' title='bbox 581 1701 669 1772; x_wconf 82' lang='lat' dir='ltr'>cessi,</span> <span class='ocrx_word' id='word_1_99' title='bbox 680 1697 729 1757; x_wconf 92' lang='lat' dir='ltr'>sed</span> <span class='ocrx_word' id='word_1_100' title='bbox 743 1699 787 1757; x_wconf 85' lang='lat' dir='ltr'>his</span> <span class='ocrx_word' id='word_1_101' title='bbox 803 1722 894 1760; x_wconf 79' lang='lat' dir='ltr'>ununs</span> <span class='ocrx_word' id='word_1_102' title='bbox 905 1719 948 1760; x_wconf 83' lang='lat' dir='ltr'>me</span> 
     </span>
     <span class='ocr_line' id='line_1_18' title="bbox 267 1777 946 1861; baseline 0.004 -25"><span class='ocrx_word' id='word_1_103' title='bbox 267 1797 325 1858; x_wconf 83' lang='lat' dir='ltr'>pro</span> <span class='ocrx_word' id='word_1_104' title='bbox 348 1779 478 1838; x_wconf 87' lang='lat' dir='ltr'>omnium</span> <span class='ocrx_word' id='word_1_105' title='bbox 493 1777 580 1840; x_wconf 88' lang='lat' dir='ltr'>salute</span> <span class='ocrx_word' id='word_1_106' title='bbox 600 1778 701 1840; x_wconf 90' lang='lat' dir='ltr'>obtuli.</span> <span class='ocrx_word' id='word_1_107' title='bbox 718 1777 821 1861; x_wconf 86' lang='lat' dir='ltr'>ltaque</span> <span class='ocrx_word' id='word_1_108' title='bbox 837 1778 946 1841; x_wconf 82' lang='lat' dir='ltr'>discellu</span> 
     </span>
     <span class='ocr_line' id='line_1_19' title="bbox 270 1858 949 1940; baseline 0.004 -23"><span class='ocrx_word' id='word_1_109' title='bbox 270 1873 334 1918; x_wconf 86' lang='lat' dir='ltr'>tum</span> <span class='ocrx_word' id='word_1_110' title='bbox 350 1879 419 1919; x_wconf 88' lang='lat' dir='ltr'>rneo</span> <span class='ocrx_word' id='word_1_111' title='bbox 440 1878 544 1918; x_wconf 87' lang='lat' dir='ltr'>omnes</span> <span class='ocrx_word' id='word_1_112' title='bbox 561 1859 601 1918; x_wconf 90' lang='lat' dir='ltr'>illi</span> <span class='ocrx_word' id='word_1_113' title='bbox 616 1858 716 1919; x_wconf 85' lang='lat' dir='ltr'>nefarii</span> <span class='ocrx_word' id='word_1_114' title='bbox 734 1860 822 1940; x_wconf 84' lang='lat' dir='ltr'>gladii</span> <span class='ocrx_word' id='word_1_115' title='bbox 841 1861 879 1922; x_wconf 89' lang='lat' dir='ltr'>de</span> <span class='ocrx_word' id='word_1_116' title='bbox 898 1883 949 1921; x_wconf 78' lang='lat' dir='ltr'>rua</span> 
     </span>
     <span class='ocr_line' id='line_1_20' title="bbox 267 1939 948 2024; baseline 0.007 -27"><span class='ocrx_word' id='word_1_117' title='bbox 267 1940 355 1999; x_wconf 82' lang='lat' dir='ltr'>nibus</span> <span class='ocrx_word' id='word_1_118' title='bbox 372 1939 571 2000; x_wconf 76' lang='lat' dir='ltr'>crudelissimis</span> <span class='ocrx_word' id='word_1_119' title='bbox 586 1940 770 2000; x_wconf 84' lang='lat' dir='ltr'>exciderunt:</span> <span class='ocrx_word' id='word_1_120' title='bbox 784 1962 875 2021; x_wconf 88' lang='lat' dir='ltr'>quum</span> <span class='ocrx_word' id='word_1_121' title='bbox 887 1945 948 2024; x_wconf 64' lang='lat' dir='ltr'>qui*</span> 
     </span>
     <span class='ocr_line' id='line_1_21' title="bbox 269 2019 948 2101; baseline 0.007 -23"><span class='ocrx_word' id='word_1_122' title='bbox 269 2019 340 2078; x_wconf 84' lang='lat' dir='ltr'>dem</span> <span class='ocrx_word' id='word_1_123' title='bbox 350 2039 400 2092; x_wconf 85' lang='lat' dir='ltr'>tu,</span> <span class='ocrx_word' id='word_1_124' title='bbox 412 2021 431 2080; x_wconf 81' lang='grc' dir='ltr'><strong>ὃ</strong></span> <span class='ocrx_word' id='word_1_125' title='bbox 448 2041 553 2081; x_wconf 85' lang='lat' dir='ltr'>vecors</span> <span class='ocrx_word' id='word_1_126' title='bbox 569 2021 601 2079; x_wconf 90' lang='lat'><strong>&amp;</strong></span> <span class='ocrx_word' id='word_1_127' title='bbox 613 2041 732 2095; x_wconf 85' lang='lat' dir='ltr'>amens,</span> <span class='ocrx_word' id='word_1_128' title='bbox 749 2041 838 2101; x_wconf 88' lang='lat' dir='ltr'>quum</span> <span class='ocrx_word' id='word_1_129' title='bbox 850 2042 948 2083; x_wconf 89' lang='lat' dir='ltr'>omnes</span> 
     </span>
     <span class='ocr_line' id='line_1_22' title="bbox 267 2100 948 2185; baseline 0.006 -27"><span class='ocrx_word' id='word_1_130' title='bbox 267 2100 345 2159; x_wconf 78' lang='lat' dir='ltr'>¹boni</span> <span class='ocrx_word' id='word_1_131' title='bbox 360 2102 449 2159; x_wconf 86' lang='lat' dir='ltr'>abditi</span> <span class='ocrx_word' id='word_1_132' title='bbox 468 2102 623 2180; x_wconf 85' lang='lat' dir='ltr'>inclusique</span> <span class='ocrx_word' id='word_1_133' title='bbox 642 2120 821 2176; x_wconf 80' lang='lat' dir='ltr'>moererent,</span> <span class='ocrx_word' id='word_1_134' title='bbox 844 2104 948 2185; x_wconf 78' lang='lat' dir='ltr'>templa</span> 
     </span>
     <span class='ocr_line' id='line_1_23' title="bbox 269 2182 948 2264; baseline 0.01 -27"><span class='ocrx_word' id='word_1_135' title='bbox 269 2198 439 2260; x_wconf 84' lang='lat' dir='ltr'>gemerent,</span> <span class='ocrx_word' id='word_1_136' title='bbox 457 2182 532 2242; x_wconf 61' lang='lat' dir='ltr'>teila</span> <span class='ocrx_word' id='word_1_137' title='bbox 542 2182 600 2260; x_wconf 89' lang='lat' dir='ltr'>ipsa</span> <span class='ocrx_word' id='word_1_138' title='bbox 611 2183 687 2241; x_wconf 89' lang='lat' dir='ltr'>urbis</span> <span class='ocrx_word' id='word_1_139' title='bbox 702 2182 856 2264; x_wconf 87' lang='lat' dir='ltr'>lugerent,</span> <span class='ocrx_word' id='word_1_140' title='bbox 876 2205 948 2244; x_wconf 87' lang='lat' dir='ltr'>corn·</span> 
     </span>
     <span class='ocr_line' id='line_1_24' title="bbox 267 2259 948 2338; baseline 0.01 -22"><span class='ocrx_word' id='word_1_141' title='bbox 267 2259 369 2338; x_wconf 85' lang='lat' dir='ltr'>plexus</span> <span class='ocrx_word' id='word_1_142' title='bbox 384 2281 414 2319; x_wconf 87' lang='lat' dir='ltr'>es</span> <span class='ocrx_word' id='word_1_143' title='bbox 427 2262 496 2320; x_wconf 91' lang='lat' dir='ltr'>illud</span> <span class='ocrx_word' id='word_1_144' title='bbox 513 2261 655 2321; x_wconf 83' lang='lat' dir='ltr'>funestum</span> <span class='ocrx_word' id='word_1_145' title='bbox 666 2263 771 2322; x_wconf 86' lang='lat' dir='ltr'>animal</span> <span class='ocrx_word' id='word_1_146' title='bbox 785 2283 821 2322; x_wconf 80' lang='lat' dir='ltr'>ex</span> <span class='ocrx_word' id='word_1_147' title='bbox 836 2265 948 2324; x_wconf 83' lang='lat' dir='ltr'>nefariis</span> 
     </span>
     <span class='ocr_line' id='line_1_25' title="bbox 265 2336 947 2419; baseline 0.015 -23"><span class='ocrx_word' id='word_1_148' title='bbox 265 2336 388 2419; x_wconf 77' lang='lat' dir='ltr'>llupris,</span> <span class='ocrx_word' id='word_1_149' title='bbox 407 2360 443 2399; x_wconf 85' lang='lat' dir='ltr'>ex</span> <span class='ocrx_word' id='word_1_150' title='bbox 456 2343 533 2401; x_wconf 89' lang='lat' dir='ltr'>civili</span> <span class='ocrx_word' id='word_1_151' title='bbox 552 2363 674 2417; x_wconf 87' lang='lat' dir='ltr'>cruore,</span> <span class='ocrx_word' id='word_1_152' title='bbox 692 2364 728 2403; x_wconf 80' lang='lat' dir='ltr'>ex</span> <span class='ocrx_word' id='word_1_153' title='bbox 742 2345 874 2403; x_wconf 88' lang='lat' dir='ltr'>omnium</span> <span class='ocrx_word' id='word_1_154' title='bbox 887 2345 947 2406; x_wconf 88' lang='lat' dir='ltr'>sce·</span> 
     </span>
     <span class='ocr_line' id='line_1_26' title="bbox 266 2418 946 2507; baseline 0.01 -29"><span class='ocrx_word' id='word_1_155' title='bbox 266 2418 361 2479; x_wconf 88' lang='lat' dir='ltr'>lerum</span> <span class='ocrx_word' id='word_1_156' title='bbox 372 2422 610 2500; x_wconf 79' lang='lat' dir='ltr'>importunitate,</span> <span class='ocrx_word' id='word_1_157' title='bbox 625 2423 657 2482; x_wconf 91' lang='lat'>&amp;</span> <span class='ocrx_word' id='word_1_158' title='bbox 674 2425 845 2504; x_wconf 79' lang='lat' dir='ltr'>flagitiorum</span> <span class='ocrx_word' id='word_1_159' title='bbox 859 2427 946 2507; x_wconf 80' lang='lat' dir='ltr'>impu</span> 
     </span>
     <span class='ocr_line' id='line_1_27' title="bbox 267 2503 945 2583; baseline 0.012 -23"><span class='ocrx_word' id='word_1_160' title='bbox 267 2503 358 2562; x_wconf 87' lang='lat' dir='ltr'>nitate</span> <span class='ocrx_word' id='word_1_161' title='bbox 376 2518 562 2575; x_wconf 87' lang='lat' dir='ltr'>concretum,</span> <span class='ocrx_word' id='word_1_162' title='bbox 586 2520 672 2583; x_wconf 88' lang='lat' dir='ltr'>atque</span> <span class='ocrx_word' id='word_1_163' title='bbox 696 2505 804 2564; x_wconf 83' lang='lat' dir='ltr'>eodem</span> <span class='ocrx_word' id='word_1_164' title='bbox 819 2506 850 2563; x_wconf 90' lang='lat' dir='ltr'>in</span> <span class='ocrx_word' id='word_1_165' title='bbox 874 2524 945 2567; x_wconf 60' lang='lat' dir='ltr'>tems</span> 
     </span>
     <span class='ocr_line' id='line_1_28' title="bbox 267 2580 946 2667; baseline 0.007 -27"><span class='ocrx_word' id='word_1_166' title='bbox 267 2582 340 2661; x_wconf 84' lang='lat' dir='ltr'>plo,</span> <span class='ocrx_word' id='word_1_167' title='bbox 357 2580 464 2641; x_wconf 76' lang='lat' dir='ltr'>eode&#39;m</span> <span class='ocrx_word' id='word_1_168' title='bbox 479 2583 512 2642; x_wconf 88' lang='lat'>&amp;</span> <span class='ocrx_word' id='word_1_169' title='bbox 529 2584 586 2642; x_wconf 87' lang='lat' dir='ltr'>loci</span> <span class='ocrx_word' id='word_1_170' title='bbox 607 2583 781 2666; x_wconf 83' lang='lat' dir='ltr'>vestigio&amp;</span> <span class='ocrx_word' id='word_1_171' title='bbox 798 2591 946 2667; x_wconf 88' lang='lat' dir='ltr'>temporis,</span> 
     </span>
     <span class='ocr_line' id='line_1_29' title="bbox 267 2663 947 2747; baseline 0.013 -27"><span class='ocrx_word' id='word_1_172' title='bbox 267 2663 382 2722; x_wconf 86' lang='lat' dir='ltr'>arbitria</span> <span class='ocrx_word' id='word_1_173' title='bbox 394 2683 453 2723; x_wconf 90' lang='lat' dir='ltr'>non</span> <span class='ocrx_word' id='word_1_174' title='bbox 467 2664 648 2738; x_wconf 80' lang='lat' dir='ltr'>mei-solum,</span> <span class='ocrx_word' id='word_1_175' title='bbox 667 2664 718 2726; x_wconf 85' lang='lat' dir='ltr'>sed</span> <span class='ocrx_word' id='word_1_176' title='bbox 734 2668 834 2747; x_wconf 81' lang='lat' dir='ltr'>patriae</span> <span class='ocrx_word' id='word_1_177' title='bbox 842 2665 947 2729; x_wconf 81' lang='lat' dir='ltr'>funeris</span> 
     </span>
     <span class='ocr_line' id='line_1_30' title="bbox 266 2741 820 2804; baseline 0.009 -5"><span class='ocrx_word' id='word_1_178' title='bbox 266 2741 412 2802; x_wconf 87' lang='lat' dir='ltr'>abstulisti.</span> <span class='ocrx_word' id='word_1_179' title='bbox 652 2789 654 2792; x_wconf 85' lang='lat'>-</span> <span class='ocrx_word' id='word_1_180' title='bbox 816 2797 820 2804; x_wconf 92' lang='lat'><em>.</em></span> 
     </span>
    </p>

    <p class='ocr_par' dir='ltr' id='par_1_3' title="bbox 262 2820 946 2992">
     <span class='ocr_line' id='line_1_31' title="bbox 262 2820 946 2910; baseline 0.013 -32"><span class='ocrx_word' id='word_1_181' title='bbox 262 2848 266 2863; x_wconf 59' lang='grc' dir='ltr'><strong><em>ι</em></strong></span> <span class='ocrx_word' id='word_1_182' title='bbox 307 2820 346 2881; x_wconf 88' lang='grc' dir='ltr'>Χ.</span> <span class='ocrx_word' id='word_1_183' title='bbox 368 2823 449 2902; x_wconf 83' lang='lat' dir='ltr'>Quid</span> <span class='ocrx_word' id='word_1_184' title='bbox 472 2845 527 2906; x_wconf 87' lang='lat' dir='ltr'>ego</span> <span class='ocrx_word' id='word_1_185' title='bbox 556 2826 670 2886; x_wconf 90' lang='lat' dir='ltr'>illorum</span> <span class='ocrx_word' id='word_1_186' title='bbox 694 2827 807 2888; x_wconf 85' lang='lat' dir='ltr'>dierum</span> <span class='ocrx_word' id='word_1_187' title='bbox 831 2830 946 2910; x_wconf 84' lang='lat' dir='ltr'>epulas,</span> 
     </span>
     <span class='ocr_line' id='line_1_32' title="bbox 265 2901 946 2992; baseline 0.016 -34"><span class='ocrx_word' id='word_1_188' title='bbox 265 2901 335 2979; x_wconf 90' lang='lat' dir='ltr'>quid</span> <span class='ocrx_word' id='word_1_189' title='bbox 347 2903 474 2966; x_wconf 80' lang='lat' dir='ltr'>laetitiam</span> <span class='ocrx_word' id='word_1_190' title='bbox 488 2909 518 2968; x_wconf 86' lang='lat'>&amp;</span> <span class='ocrx_word' id='word_1_191' title='bbox 533 2908 756 2988; x_wconf 84' lang='lat' dir='ltr'>gratulationem</span> <span class='ocrx_word' id='word_1_192' title='bbox 768 2927 868 2986; x_wconf 88' lang='lat' dir='ltr'>tuam,</span> <span class='ocrx_word' id='word_1_193' title='bbox 881 2907 946 2992; x_wconf 85' lang='lat' dir='ltr'>quirl</span> 
     </span>
    </p>
   </div>
   <div class='ocr_carea' id='block_1_3' title="bbox 0 0 1064 3942">
    <p class='ocr_par' dir='ltr' id='par_1_4' title="bbox 0 0 1064 3942">
     <span class='ocr_line' id='line_1_33' title="bbox 0 0 1064 3942; baseline 0 2"><span class='ocrx_word' id='word_1_194' title='bbox 0 0 1064 3942; x_wconf 95' lang='lat' dir='ltr'> </span> 
     </span>
    </p>
   </div>
  </div>
 </body>
</html>
