2117 3942
248 375 300 465 64
380 380 385 386 ’
471 370 696 441 Onarro

246 494 298 548 ore
316 480 507 566 impurissimo
524 487 592 548 Sex.
609 485 707 565 Clodii
719 497 783 546 rem'
798 478 929 566 frumen&

244 569 345 627 taniam
366 563 422 626 else
439 575 571 648 ereptam
586 613 595 642 ,
614 563 783 649 summisque
797 570 826 627 in
848 571 928 646 peri·

245 647 314 708 culis
334 644 396 726 ejus
413 649 468 708 viri
482 647 618 722 auxilium
629 643 791 730 implorasse
808 667 928 728 rempu-

243 728 349 788 blicam
368 772 378 802 ,
401 748 494 808 aquo
513 727 589 810 saepe
611 724 639 790 se
658 730 690 789 &
708 716 871 801 servatam,
894 728 929 805 dt

245 805 449 891 amplificatam
464 807 520 870 effe
537 807 715 870 meminisset.
735 807 823 867 Extra
850 808 932 888 ordis

246 909 321 951 nem·
333 887 401 950 ferri
421 886 489 949 nihil
511 885 607 971 piacet
622 881 743 968 Clodio.
764 886 869 968 Quid?
891 887 930 948 de

246 991 295 1030 me
319 969 400 1051 quod
421 968 510 1030 tulisse
525 987 557 1031 te
576 967 667 1043 dicis,
688 968 848 1050 patricida,
870 966 932 1048 fra-¹

246 1051 366 1121 nitida,
380 1048 559 1123 sororicida,
575 1071 674 1111 nonne
695 1065 775 1111 extra
795 1044 930 1129 ordinem

248 1129 334 1190 tulisti
346 1130 364 1189 .>‘
373 1129 422 1189 An
437 1130 473 1190 de
487 1128 567 1211 peste
581 1132 670 1203 ciuis,
684 1128 932 1211 quemadmodum

251 1225 354 1271 omnes
377 1202 437 1288 jam
456 1209 495 1268 dii
516 1227 604 1292 atque
628 1208 762 1270 homines
783 1206 933 1288 judicave-

250 1288 338 1363 runt,
360 1285 570 1355 conservatoris
586 1287 628 1349 rei
650 1286 772 1368 ablica,
787 1289 931 1370 quemad·

248 1366 376 1430 modum
391 1386 489 1429 autem
511 1386 574 1430 tute
595 1312 822 1450 ipsdconsiteris
841 1413 851 1444 ,
871 1391 933 1430 non

250 1449 344 1510 inodo
356 1448 532 1524 indemnati,
549 1448 599 1510 sed
611 1469 649 1510 ne
665 1444 785 1510 accusati
796 1449 933 1531 quidem,

249 1523 328 1590 licuit
346 1529 397 1589 tibi
417 1527 494 1591 serre
510 1551 570 1590 non
590 1530 707 1612 legem,
722 1523 773 1591 sed
792 1529 934 1611 nefarium

274 1609 455 1690 rivilegium,
474 1610 592 1693 lugente
608 1611 727 1685 senatu,
744 1610 934 1671 moerentibus

251 1631 336 1749 ionis
352 1689 506 1763 omnibus,
525 1693 614 1751 totius
633 1688 722 1751 Italiae
741 1691 875 1770 precibus
888 1703 936 1764 re·¹

250 1770 394 1853 pudiatis‚
416 1768 554 1851 oppressi
573 1815 582 1844 ,
602 1769 687 1852 capti
708 1791 744 1831 ue
761 1771 937 1851 republicai;

250 1851 340 1923 mihi,
374 1851 463 1930 opulo
483 1849 620 1912 Romano
636 1793 830 1933 impiorante‚
848 1842 937 1930 sena·

251 1942 283 1990 tu
300 1953 339 2012 po
353 1947 458 2005 cente,
477 1932 659 2012 temporibus
673 1929 836 2011 reipublicae¹
854 1930 938 2012 flagi·

251 2005 398 2089 dantibus,
417 2032 478 2072 non
490 2010 570 2086 licuit¹
588 2011 624 2073 de
642 2011 732 2072 salute
744 2010 846 2093 populi
866 2009 936 2072 Ro·

252 2093 331 2150 mani
352 2086 522 2153 sententiam
545 2091 669 2152 dicere?
691 2113 748 2174 qua
767 2091 887 2186 quidem
905 2095 936 2152 in

252 2166 414 2244 sententia,
435 2174 459 2230 si
479 2169 537 2232 Cn.
555 2167 688 2252 Pompeii
709 2171 831 2253 dignatas
854 2172 936 2234 auda

254 2249 324 2325 est,
348 2248 501 2330 conjundia
521 2273 588 2313 cum
611 2252 906 2315 utilitate.communi
935 2326 938 2331 Ι

253 2331 331 2392 certe
347 2330 505 2391 laudandus
519 2330 606 2395 effe'm
616 2377 626 2406 ,
635 2335 658 2392 si
667 2329 729 2412 'ejus
740 2328 869 2427 dignitati
879 2298 938 2394 sus!¹

252 2407 378 2495 fragatus
395 2411 531 2491 viderer,
548 2415 596 2495 qui
608 2432 681 2475 meae
696 2411 777 2475 saluta
796 2406 886 2496 opem
904 2414 938 2476 &

256 2493 398 2563 auxilium
410 2489 523 2554 tulisset.
801 2562 804 2568 ²
849 2548 851 2555 s
894 2545 898 2550 .
931 2493 950 2530 Ι

262 2585 267 2591 ’
294 2569 356 2633 ΧΙ.
370 2569 537 2649 Desinant,
548 2573 823 2636 desinanthomines
838 2570 938 2638 iisdem
962 2576 966 2583 ’

254 2651 391 2714 machinis
405 2652 518 2735 sperare
535 2674 583 2715 me
598 2653 756 2716 restitutum
772 2652 940 2736 posse-labe&

254 2730 372 2804 sadari,
390 2734 491 2815 quibus
510 2750 596 2795 antea
607 2734 728 2798 stantem
743 2733 938 2819 perculerunt.
958 2742 960 2747 '

254 2808 348 2889 Quod
371 2816 449 2873 enim
471 2835 523 2896 par
547 2819 676 2877 amicitia
703 2815 854 2879 consularis
883 2814 939 2878 fuit

255 2901 393 2973 umquam
410 2894 502 2959 iubae
513 2895 819 2983 civitateeonjundius
828 2943 840 2977 ,
850 2897 938 2985 quim
