2117 3942
267 372 338 464 148
388 370 426 402 ⁴
483 309 714 439 Orrmu

262 489 350 549 biicas
366 482 617 545 cummeiduruut.
635 482 717 562 Quid
736 503 807 566 ergo
827 483 858 544 hi
896 489 947 546 os:

260 568 325 628 sunt
338 566 414 625 aliud
426 563 572 640 judicare,
586 586 619 622 ac
631 561 853 643 judicaverunt?
904 567 947 626 ul·

261 664 300 708 tae
315 646 377 705 sunt
396 646 500 705 domus
516 646 547 702 in
564 644 618 704 h'ac
635 645 727 717 urbe,
744 644 841 705 Patres
873 667 946 705 con-

259 727 376 808 scripti,
395 743 481 807 atque
492 717 573 783 ‘haud
592 724 672 797 scio,
692 747 728 784 an
745 745 822 805 pene
836 725 946 788 canuae

176 841 178 845 ·
250 806 323 888 jure
335 808 448 887 optimo
462 827 470 878 ;
481 803 532 864 sed
544 822 643 864 tamen
656 803 717 881 jure
730 808 866 886 privato,
881 806 944 884 jure

260 888 459 959 hereditario,
477 883 540 962 jure
560 885 755 958 ευᾶοτίῐειιὶε,
773 883 836 964 jure
859 909 945 947 man·

258 971 340 1048 cipi,
357 966 418 1046 jure
437 969 525 1025 nexi:
541 975 618 1048 ne'go'
637 963 693 1026 ess'e
711 965 799 1026 ullam
820 967 942 1028 domum

251 1051 346 1109 uliam
368 1047 448 1128 aequi
468 1047 581 1127 privato
605 1044 695 1125 jure',
722 1056 809 1127 atque'
831 1049 944 1128 optimi

261 1129 329 1212 Iege
341 1174 350 1203 ,
363 1127 480 1210 publico
497 1128 570 1187 verb
582 1128 664 1187 omni
674 1131 840 1208 'praecipuo,
852 1129 884 1189 &
896 1129 945 1188 hu·

259 1231 371 1281 manu,
389 1209 421 1268 &
440 1208 540 1269 divini>
554 1205 616 1286 jure
633 1210 771 1268 munitam
784 1232 793 1268 .·
805 1230 869 1289 quae
885 1212 945 1291 pri*

259 1293 341 1351 mum
353 1286 507 1348 aedificatur
520 1307 557 1347 ex
570 1287 738 1348 auIIoritate
750 1287 863 1349 senatus
875 1334 884 1362 ‚
896 1310 945 1370 pe·

259 1372 345 1432 cunii
361 1369 500 1449 public53
522 1367 629 1428 deinde
650 1386 750 1429 contra
773 1372 834 1428 vim
859 1371 944 1430 nefa-

257 1453 333 1515 'r'iam
352 1447 434 1522 hujus
452 1448 637 1531 gladiatoris,
654 1467 699 1511 tot
719 1450 944 1512 senatusconsul-

259 1533 445 1601 tis'muuita,
464 1546 548 1608 atque
569 1529 649 1609 septa
668 1529 720 1591 est.

281 1615 284 1623 '
305 1609 402 1670 VIII.
417 1609 545 1669 Primum
558 1613 707 1691 negotium
723 1611 822 1671 iisdem
838 1614 944 1694 magis·

259 1691 380 1752 {ratibus
398 1689 439 1752 est
457 1690 556 1750 datum
575 1712 651 1752 anno
668 1691 835 1771 superiore,
849 1711 881 1752 ut
898 1715 945 1755 cu·

259 1778 379 1844 rareut,
396 1790 427 1831 ut
444 1775 505 1831 sine
525 1775 556 1830 vi
573 1773 641 1831 mihi
662 1771 802 1833 aedificare
823 1774 942 1848 liceret,

259 1855 364 1934 quibus
377 1856 406 1912 in
420 1854 549 1912 maximis
564 1854 697 1932 periculis
711 1898 720 1925 ‚
738 1854 870 1913 universa
884 1875 944 1916 res-

259 1935 375 2015 publica
391 1934 588 1994 commendari
603 1933 696 1994 solet:
713 1935 840 2005 deinde,
856 1956 943 2015 quum

259 2015 309 2074 ille
328 2014 420 2087 saxis,
440 2015 471 2074 &
490 2015 622 2096 Ignibus,
639 2016 670 2073 &
688 2014 765 2074 ferro
781 2013 943 2077 vastitatem

259 2097 334 2154 meis
354 2094 467 2154 sedibus
488 2093 621 2155 inrufiffet
637 2116 645 2167 ;
664 2095 794 2155 decrevit
810 2095 944 2170 senatus,

259 2193 335 2246 eos,
351 2177 399 2254 qui
413 2175 442 2232 id
456 2172 606 2248 fecissent,
621 2177 686 2256 lege
702 2175 738 2234 de
754 2176 884 2254 vi‚quae
904 2174 943 2237 est

258 2254 289 2311 in
302 2274 354 2312 eos
367 2299 376 2326 ‚
395 2256 443 2334 qui
461 2255 620 2315 universam
633 2253 839 2335 rempublicam
851 2276 944 2336 oppu-

283 2331 408 2406 narrent,
421 2336 523 2393 reneri.
539 2335 633 2395 Vobis
648 2337 718 2396 veru
730 2333 942 2412 referentibus,

257 2436 280 2473 ο
295 2419 357 2495 post
372 2413 522 2474 hominum
537 2420 708 2477 memorIam
723 2413 888 2489 fortissimi,
905 2435 943 2478 at·

257 2516 317 2577 que
335 2497 436 2575 optimi
452 2495 601 2571 consules,
618 2499 748 2557 decrevit
763 2496 842 2557 idem
858 2497 942 2558 sena·

259 2594 304 2635 tus
314 2577 575 2656 frequentissimus,
585 2580 634 2657 qui
644 2599 738 2637 meam
750 2577 871 2638 domum
881 2581 942 2639 vio·

258 2656 360 2730 lasset,
379 2674 479 2716 contra
494 2659 701 2737 rempublicam
718 2656 774 2718 esse
790 2658 940 2719 faIIurum.

306 2738 351 2796 16.
372 2735 481 2818 Nego,
499 2738 559 2796 ullo
580 2739 617 2798 de
638 2759 728 2818 opere
745 2739 885 2818 publico,
903 2740 939 2803 de

260 2833 474 2890 monumento,
494 2818 530 2878 de
546 2835 605 2879 tem
629 2820 677 2892 lo,
698 2835 743 2879 tot
757 2818 868 2878 senatus
887 2839 940 2879 ex·

259 2890 332 2955 stare
348 2897 493 2973 consulta,
513 2918 585 2981 quot
600 2842 636 2960 rie
651 2920 717 2984 rnea
730 2899 842 2971 domo,
853 2919 939 2981 quam
