2117 3942
280 373 381 444 Pno
405 374 446 443 P.
470 378 684 449 Saxrro.
748 397 825 475 235

140 487 354 561 fortissimum,
369 490 485 570 meique
499 493 742 564 amantissimum,
759 513 828 553 ocu·

140 570 176 630 lis
190 569 384 651 quaerebant,
404 590 482 631 voce
500 570 657 652 poscebant
672 592 682 645 ;
701 592 827 652 quorum

141 650 188 712 iile
203 650 271 712 telis
290 650 437 724 libenter,
456 653 486 710 in
505 670 588 713 tanto
606 652 680 712 ludin
699 673 731 712 ac
748 652 827 712 desi-

141 730 222 792 derio
238 733 319 803 mei,
334 750 393 790 non
407 733 586 812 repugnandi
598 777 607 805 ‚
621 731 670 793 sed
681 732 827 794 moriendi

88 838 90 849 ·
137 812 251 886 rausi,
270 831 377 950 corpus
395 809 542 873 obtuliiiet
556 813 657 885 suurn,
679 813 730 871 nisi
745 813 824 873 suam

88 920 91 939 ι
139 895 230 951 vitam
255 890 293 950 ad
327 910 396 970 pern
419 894 477 951 mei
500 890 610 952 redirds
634 890 824 954 reservasset:

138 969 219 1032 lirbiit
234 987 337 1031 tamen
350 973 410 1030 vim
427 972 505 1031 iilam
522 971 662 1032 nefariam
677 970 824 1032 conscele-

138 1068 268 1112 ratorum
289 1050 458 1117 latronum:
484 1052 541 1124 δι,
564 1073 653 1132 quum
674 1050 712 1110 ad
731 1049 826 1111 fratria

137 1129 258 1193 salutem
279 1151 298 1190 a
318 1151 359 1211 po
382 1130 432 1191 ulo
453 1129 591 1191 Romano
610 1129 825 1211 deprecandam

136 1210 281 1283 venisset,
299 1151 395 1289 pulicis
412 1230 429 1271 e
448 1208 580 1285 Rostris,
596 1215 626 1271 in
644 1213 762 1271 comitio
778 1207 825 1289 ja·

136 1295 215 1364 cuit,
239 1290 270 1352 se
293 1310 331 1350 ue
350 1289 498 1351 servorum
514 1291 736 1352 &libertorum
756 1311 825 1350 cor·

137 1373 286 1454 poribuso
309 1372 397 1442 texit,
409 1371 559 1452 vitamque
573 1388 635 1432 turn
653 1371 730 1432 suam
749 1391 825 1431 noc·

137 1454 170 1513 tis
192 1453 228 1514 ἃ
249 1451 281 1513 fu
303 1473 327 1510 ω
346 1451 502 1531 praesidio,
526 1473 586 1511 non
604 1450 671 1527 juris
692 1450 822 1530 judicio·

135 1552 258 1615 rumque
276 1471 419 1591 defendit.
438 1530 609 1591 Meministis
629 1552 716 1603 rum,
737 1531 824 1592 Judi-

137 1633 199 1688 tes,
212 1611 391 1693 corporibus
404 1613 509 1673 civium
521 1611 653 1672 Tiberim
666 1612 822 1692 compleri,

135 1692 250 1755 cloacas
274 1690 425 1765 referciri,
449 1711 467 1752 e
488 1690 556 1755 foro
575 1692 702 1774 spongiis
721 1689 821 1774 effingi

134 1773 330 1857 sangumem,
354 1783 386 1831 ut
408 1791 511 1832 ornnes
534 1787 642 1832 tantam
665 1769 743 1831 illam
764 1791 823 1832 co·

134 1855 237 1935 piam,
270 1853 305 1913 &
327 1868 387 1911 tarn
409 1848 593 1932 magnificum
619 1873 655 1931 ap
679 1868 819 1926 aratum,

135 1954 191 1995 non
213 1934 366 2016 privatum
385 1948 434 1992 aut
457 1931 631 2010 plebeium,
654 1873 705 1990 ied
727 1931 820 2009 patri·

134 2016 206 2075 cinrn
221 2015 259 2075 &
277 2013 443 2093 praetorium
460 2009 517 2071 effe
535 2011 738 2070 arbitrarentur
752 2029 760 2068 ε
775 2010 821 2069 ni·

134 2093 228 2177 hiique
260 2111 358 2172 neque
384 2108 453 2151 anre
477 2091 533 2149 hoc
555 2108 698 2170 tempus,
723 2096 827 2170 neque

135 2173 185 2236 hoc
199 2171 267 2256 ipso
285 2171 532 2232 turbulentissimo
549 2171 597 2232 die
613 2172 818 2233 criminationis

133 2252 185 2316 effe
201 2257 233 2314 in
253 2251 398 2313 Sextium.

135 2388 138 2393 .
164 2331 320 2397 XXXVI.
342 2331 434 2412 Atqui
450 2333 494 2391 vis
509 2332 537 2391 in
553 2329 620 2392 foro
637 2331 748 2392 versata
764 2329 816 2393 est.

135 2411 218 2475 Certe
235 2434 244 2473 ε
260 2411 380 2494 quando
397 2413 474 2472 enirn
491 2410 606 2490 major?
626 2413 817 2492 lapidationes

134 2495 259 2576 persepe
280 2492 429 2553 vidimus:
448 2513 507 2551 non
525 2496 565 2552 ira
582 2491 680 2570 saepe,
702 2490 752 2550 sed
770 2490 817 2547 ni·

135 2577 217 2636 miirm
238 2591 342 2635 tamen
366 2571 440 2651 saepe
463 2572 596 2654 gladios:
612 2569 722 2630 caedem
742 2568 817 2629 verb

135 2671 237 2717 natam
251 2669 371 2727 ‚tantos
387 2672 508 2712 acervos
522 2670 678 2730 corporum
693 2645 817 2710 exstruc-

83 2779 86 2791 .
135 2750 196 2810 ros,
220 2735 278 2796 nisi
297 2732 374 2795 fort‘e
391 2733 442 2794 ilio
462 2731 598 2792 Cinnano
618 2746 704 2807 atque
723 2726 815 2787 ona-

82 2834 90 2888 ι,
136 2817 212 2878 riano
232 2815 311 2887 die,
333 2815 397 2894 quis
417 2832 553 2894 umquam
578 2812 607 2868 in
628 2808 695 2868 foro
712 2807 813 2870 vidiri
880 2812 896 2821 '

136 2895 183 2979 qui
196 2917 236 2962 ex
251 2894 475 2960 concertatione
491 2888 675 2955 annnorum?
693 2909 761 2952 nam
775 2908 814 2953 ex
