2117 3942
189 356 242 430 92
418 335 647 408 OnAr1o
893 411 896 422 ι

230 468 281 535 75.
300 452 378 515 Nam
399 454 468 534 quid
486 468 543 534 ego
563 452 613 512 illa
627 451 729 516 'divina
750 462 762 526 3
783 463 871 536 atque

187 535 361 595 immortalia
371 537 610 614 municipiorum,
626 533 659 594 &
671 533 871 611 coloniarum,

185 611 225 677 dt
247 617 336 675 totius
362 614 451 674 Italiae
473 614 590 674 decreta
611 626 870 689 commemorent,

191 695 294 775 quibus
311 712 460 776 tamquam
474 694 626 776 gradibus,
641 695 710 755 mihi
721 695 825 756 videor
842 698 872 758 ln

189 775 295 836 c'oelnm
312 772 507 848 adscendisse,
524 796 584 835 non
600 773 692 837 soliun
706 776 739 841 ¹in
751 778 873 856 patriam

188 855 355 918 revertisse?
376 855 428 916 Ille
444 857 517 916 verb
537 854 598 916 dies
615 858 677 935 quis
692 852 767 929 fuit,
783 877 873 937 quiuu

190 953 246 1010 te,
267 937 301 997 Ρ.
316 936 438 997 Lentule
455 972 465 1008 ,
481 936 579 1016 legem
601 934 638 994 de
659 949 708 995 me
728 934 873 997 serentem

186 1017 315 1098 ,populus
331 1017 481 1078 Romanus
500 1013 560 1096 ipse
579 1016 653 1074 vidit
672 1060 682 1089 ,
704 1013 872 1099 sensitque,

211 1114 333 1172 uantus,
352 1098 386 1158 &
425 1096 510 1157 uantai
524 1096 667 1177 dignitate
678 1093 767 1157 elles?
794 1119 870 1159 con-

190 1119 244 1237 llat
266 1181 345 1239 enim
360 1119 444 1238 nullis
462 1178 743 1278 umquamcomitiis
761 1212 772 1252 ,·
789 1192 872 1239 eam—

190 1279 261 1339 pum
295 1257 434 1317 Martium
457 1273 538 1316 tanta
561 1255 759 1330 celebritate,
789 1274 872 1320 tanto

189 1337 343 1418 splendore
361 1339 455 1398 omnis
475 1338 589 1418 generis
603 1336 753 1402 hominnm
771 1372 781 1412 ς
802 1356 873 1405 aeta-

189 1429 251 1478 tum
261 1463 272 1491 ,
282 1417 416 1479 ordinum
427 1414 562 1477 floruisse.
577 1406 694 1478 Omitto
705 1421 872 1491 civitatum,

188 1500 364 1571 nationum,
384 1499 626 1578 provinciarum,
646 1519 772 1580 regum,
795 1500 873 1560 orbis

189 1577 316 1660 denique
327 1595 466 1638 terrarum
478 1578 515 1636 de
527 1580 600 1636 meis
611 1579 640 1636 in
651 1599 753 1639 omnes
763 1599 874 1640 morta·

170 1702 173 1707 ·
193 1658 238 1717 les
249 1659 357 1720 meritis
368 1679 457 1718 unum
470 1656 628 1736 judicium,
642 1680 788 1739 unumque
800 1682 874 1725 cone·

158 1732 167 1763 ⁷
188 1736 311 1805 sensum.
325 1738 480 1799 Adventus
491 1757 572 1798 meus
583 1781 592 1810 ,
602 1755 688 1818 atque
698 1742 834 1800 introitus
843 1742 873 1800 in

189 1819 293 1881 urbem
306 1821 355 1900 qui
367 1817 545 1879 fuit?.utri1m
561 1837 609 1876 me
623 1821 713 1898 patria
728 1821 768 1879 sic
784 1841 873 1881 acce-

186 1902 253 1982 pit,
266 1915 298 1958 ut
312 1901 407 1967 lucem
417 1897 594 1978 salutemque
605 1898 746 1959 redditam
759 1901 816 1959 sibi
838 1923 872 1961 ac

188 1978 344 2041 restitutam
353 1982 481 2060 accipere
496 1979 615 2051 debuit,
629 2001 664 2038 an
673 1995 704 2038 ut
723 1980 873 2050 crudelem

188 2074 201 2119 t
226 2081 346 2119 ranuum
366 2059 378 2119 i
401 2060 481 2140 quod
505 2081 562 2119 vos
585 2056 716 2123 Catilina
738 2062 870 2143 gregales

211 2157 227 2198 e
252 2159 300 2198 me
326 2139 423 2199 dicere
445 2139 590 2200 solebatis.
612 2138 712 2220 ltaque
730 2142 778 2200 ille
799 2162 873 2202 unus

188 2217 278 2291 dies,
305 2239 364 2298 quo
391 2219 438 2280 die
462 2241 509 2280 me
535 2219 660 2301 populus
681 2219 833 2281 Romanus
855 2245 873 2285 a

183 2315 274 2379 ,porta
290 2300 319 2356 in
333 2297 512 2379 Capitolium
523 2345 536 2378 Α,
557 2316 643 2381 atque
660 2300 728 2362 inde
748 2301 872 2363 domum

184 2377 237 2438 sui
255 2377 421 2439 celebritate
439 2380 593 2470 laetitiique
618 2384 788 2441 comitatum
812 2383 872 2445 ho·

189 2457 311 2520 nestavit
332 2505 341 2533 ,
361 2476 447 2520 tantae
464 2461 536 2521 milri
550 2461 719 2541 jucunditati
740 2462 819 2534 fuit,
839 2481 871 2524 ut

189 2555 238 2599 tua
262 2539 331 2599 mihi
352 2540 546 2600 conscelerata
565 2540 613 2600 illa
629 2543 674 2602 vis
691 2564 752 2602 non
774 2544 871 2604 modb

189 2640 251 2679 non
265 2620 474 2701 propulsanda,
486 2620 536 2682 sed
551 2623 638 2682 etiam
654 2623 780 2682 emenda
789 2621 871 2686 fuisse

190 2698 332 2760 videatur.
352 2701 453 2781 Quare
472 2702 521 2762 illa
540 2702 716 2784 calamitas(
734 2705 759 2763 si
771 2705 812 2764 ita
830 2703 872 2766 est

185 2778 381 2865 appellanda)
396 2785 519 2844 excussit
529 2785 587 2844 hoe
601 2803 691 2866 genus
700 2801 797 2844 totum
808 2806 872 2846 ma·

112 2866 119 2887 '¹
188 2856 300 2933 lediei,
314 2881 351 2922 ne
366 2862 512 2945 quisquam
519 2863 628 2933 ,audeat
637 2862 697 2944 jam
711 2866 870 2946 repreben·
907 2888 911 2901 ·
