2117 3942
256 383 364 454 Pno
396 383 438 452 Ρ.
471 387 691 460 Suxrro.
738 409 811 484 273

97 564 100 575 Α
134 498 172 561 sic
190 517 260 559 cutn
279 499 396 559 inimico
413 518 481 560 meo
499 501 666 580 copularat,
688 503 818 564 utillum

134 600 206 645 tneae
223 577 461 660 proscriptionis,
478 601 566 660 quarn
579 581 734 660 adjuvabat
746 583 816 644 Sex.

134 657 257 720 Clodius
276 658 394 732 ,homo
412 661 446 719 iis
467 659 647 740 dignissimus
666 707 676 736 ,
696 664 817 743 quibus-

131 761 198 817 cum
217 740 321 812 vivit,
349 740 478 800 tabulam
498 738 574 814 effe,
594 740 623 802 se
646 741 814 823 scriptorem

131 818 265 898 diceret:
291 819 340 879 ille
367 840 439 878 unus
463 820 571 879 ordinis
594 820 681 882 nostri
702 821 816 883 discessu

131 919 202 961 meo
223 944 234 973 ,
256 898 334 959 lustu
351 898 448 960 vestro
464 900 561 979 palam
579 900 726 961 'exsultavit
746 924 753 960 :
779 903 817 964 de

131 1000 192 1119 puo
210 999 292 1119 ego,
308 1000 399 1060 quum
416 979 547 1060 quotidie
560 1000 675 1053 rueret,
693 983 817 1043 verbum

144 1062 210 1131 eci,
244 1059 364 1133 udices,
386 1081 561 1140 numquam:
583 1081 678 1142 neque
698 1065 817 1140 putavi,

132 1160 223 1222 quum
249 1139 386 1199 omnibus
412 1140 551 1199 machinis
577 1162 610 1199 ac
636 1138 818 1217 tormentis,

132 1222 187 1293 yi,
204 1222 355 1295 exercitu,
373 1223 464 1300 copiis
481 1237 686 1302 oppugnaret,
703 1220 741 1282 de
758 1242 820 1301 uno

133 1299 279 1383 sagittario
298 1320 346 1360 rne
362 1303 444 1380 queri
460 1303 630 1361 convenire.

136 1444 139 1449 ,
179 1398 248 1459 134.
267 1378 343 1440 Atta
361 1399 428 1441 mea
442 1380 496 1439 sibi
513 1383 552 1460 ait
572 1380 740 1462 displicere:
756 1380 820 1462 quis

134 1458 252 1527 nescit?
271 1462 322 1541 qui
341 1458 437 1541 legem
458 1480 530 1520 eam.
545 1480 737 1532 contemnat,
755 1483 820 1542 quae

134 1539 261 1622 dilucide
284 1555 388 1615 vetat,
408 1539 579 1622 gladiatores
599 1542 737 1615 biennio,
757 1562 819 1623 quo

134 1622 197 1702 quis
215 1622 356 1702 petierit,
374 1637 422 1680 aut
444 1623 583 1702 petiturus
602 1624 661 1695 sit,
679 1621 767 1682 dare?
785 1620 821 1681 ln

134 1721 195 1783 ,quo
209 1698 278 1782 ,ejus
293 1700 487 1762 temeritatem
509 1700 574 1761 satis
594 1703 689 1761 mirari
705 1746 715 1775 ,
734 1700 822 1762 ludi-

137 1801 209 1855 tes,
230 1803 292 1842 non
310 1802 412 1863 queo:
433 1779 502 1842 facit
521 1782 699 1862 apertissime
718 1800 821 1843 contra

135 1856 235 1944 legem
250 1883 258 1921 :
279 1860 345 1921 facit
360 1865 383 1921 is
396 1906 405 1937 ,
422 1862 471 1941 qui
488 1882 584 1942 neque
598 1861 673 1922 elabi
688 1881 725 1921 ex
740 1857 822 1939 judi-

138 1935 183 2002 ¹cio
203 1938 382 2021 jucunditate
402 1940 477 2014 sual,
502 1961 597 2022 neque
618 1943 711 2003 emitti
732 1941 822 2024 gratia

136 2021 255 2112 potest3
269 2042 305 2082 ne
328 2042 364 2081 ue
380 2023 484 2102 opibus
500 2020 531 2080 ὃ(
547 2020 679 2102 potentii
695 2021 774 2102 leges
789 2042 822 2081 ac

137 2103 244 2183 judicia
256 2043 445 2183 perstingere.
456 2100 534 2181 Quae
548 2121 592 2160 res
604 2101 753 2161 hominem
766 2103 822 2161 im·

138 2184 242 2265 pellit,
259 2199 291 2240 ut
307 2184 341 2240 sit
358 2200 418 2241 tam
434 2181 650 2262 intemperans?
664 2180 714 2241 istt
732 2180 822 2243 nimia

134 2264 238 2345 gloriae
259 2262 415 2342 cupiditate
441 2263 578 2322 familiam
598 2261 823 2345 gladiatoriam,

139 2343 251 2413 credo,
275 2340 373 2402 nasius
390 2340 453 2416 est,
472 2340 649 2424 speciosam,
669 2343 823 2413 nobilem,

139 2420 322 2506 gloriosam:
343 2438 427 2482 norat
444 2422 534 2482 studia
574 2425 680 2503 opuli:
703 2421 827 2481 videbat

140 2504 284 2563 clamores
307 2502 339 2561 &
365 2501 517 2562 concursus
571 2523 663 2562 turos.·
686 2501 752 2560 Hac
773 2519 827 2558 ex·

140 2582 324 2664 spedatione
339 2582 430 2642 elatus
446 2584 560 2654 homo,
577 2583 699 2662 flagrans
716 2577 829 2659 cupidi-

136 2662 198 2733 tate
220 2663 343 2746 gloriar,
361 2681 462 2724 tenere
485 2660 514 2721 se
536 2683 596 2721 non
616 2661 740 2741 potuit,
759 2662 828 2740 quin

141 2744 196 2805 hos
218 2742 395 2827 gladiatores
418 2743 594 2814 induceret,
615 2761 738 2820 quorum
760 2737 830 2803 esset

142 2823 199 2905 ipse
217 2824 441 2905 pulcherrimus.
457 2820 487 2882 Si
502 2821 542 2880 ob
556 2842 620 2880 eant
634 2819 743 2881 causam
758 2843 832 2902 pee-

140 2919 245 2989 cata,
265 2925 322 2987 pro
348 2905 458 2967 recenti
481 2902 583 2986 populi
603 2901 730 3044 Roffimi
752 2904 782 2964 in
803 2899 834 2961 se

442 3009 445 3015 ’
705 3005 725 3047 v
