2117 3942
331 386 386 436 rrr
414 367 454 437 L.
478 365 726 462 Prsorrarr.
786 361 867 455 487·

186 479 320 560 aliquos,
381 482 390 538 i
406 475 553 559 abjettum·
566 477 625 538 hoc
644 477 769 539 cadaver
790 498 867 539 corr·

184 558 322 619 sularibus
340 500 436 640 &loliis
450 558 560 619 nudare
573 578 634 618 non
650 559 764 632 nolint,
786 578 866 639 prae·

184 638 283 700 sertim
306 654 365 698 tam
391 637 522 712 afflicto,
552 654 613 696 tam
640 636 783 711 infirmo,
805 650 871 698 tam·

185 734 328 780 enervato
351 738 421 779 reo:
441 721 491 798 qui
504 734 536 777 te
559 719 598 776 ita
616 715 751 854 gesseris,
769 734 801 777 ut
824 720 866 779 ti·

183 817 282 860 meres
298 842 308 870 ,
327 819 364 859 ne
384 797 517 879 indignus
539 795 614 856 bene
637 798 683 857 cio
705 797 866 872 videreris,

182 875 321 1017 ”isdejds
340 921 350 950 ,
372 898 467 959 aquo
488 872 583 936 miffus
601 895 687 951 eras,
708 877 866 940 simillimus

184 978 222 1020 ex
247 974 277 1017 ru
301 977 342 1017 es.

226 1035 395 1098 XXXIV.
415 1033 466 1096 Au
479 1037 554 1096 verb
566 1052 597 1094 tu
615 1055 716 1114 parum
729 1022 811 1115 putas
822 1035 868 1095 irr'·

183 1114 337 1198 vestigatas
356 1114 414 1177 effe
433 1136 450 1176 a
470 1116 553 1176 nobis
574 1114 654 1176 labes
675 1117 787 1195 imperii
803 1118 865 1191 tui,

183 1194 347 1279 stragesque
368 1195 555 1278 provinciae?
579 1215 648 1277 quas
710 1194 789 1255 ‘dem
812 1215 868 1255 nos

184 1297 248 1337 non
263 1274 388 1359 vestigiis
400 1276 557 1337 odorantes
571 1277 621 1358 ing
675 1295 708 1336 us
722 1291 804 1347 tuos,
816 1272 867 1349 sed

183 1359 255 1417 totis
272 1357 498 1418 volutationibus
513 1359 664 1437 corporis,
679 1356 712 1416 δι
726 1355 868 1416 cubilibus

184 1434 327 1520 persecuti
347 1436 451 1498 sumus.
478 1434 588 1499 Notata
607 1459 624 1497 a
644 1437 729 1497 nobis
747 1434 810 1497 sunt
832 1435 888 1499 δε.

183 1518 279 1598 prima
293 1518 340 1577 illa
354 1518 460 1580 scelera
476 1519 505 1577 in
524 1518 671 1590 adventu,
688 1537 798 1599 quum,
819 1530 867 1576 ac·'

185 1598 416 1694 ceptdupecutnii
435 1619 452 1658 a
471 1595 741 1693 Dyrrhachinistoir
762 1616 867 1660 necem

185 1677 304 1758 hospitis
333 1695 374 1737 tur
406 1677 561 1751 Platoris,
591 1697 653 1755 ejus
689 1697 776 1758 rpsrus
808 1677 868 1738 do·

184 1778 267 1820 mum
288 1754 413 1819 evertisti
430 1801 440 1831 ‚
462 1755 544 1836 cujus
564 1755 730 1839 tanguinem
749 1757 869 1823 addixe-
975 1776 979 1785 ’

184 1852 257 1911 ras'3
282 1857 437 1919 eumque,
460 1836 548 1896 servis
573 1834 815 1916 symphoniacis,
835 1838 868 1898 δ(

182 1919 248 1978 aliis
265 1919 430 1977 muneribus
448 1917 593 1996 acceptis,
606 1919 778 1988 timentem,
795 1917 870 1977 mul-

183 2003 307 2078 tumque
324 1998 504 2058 dubitantem
521 1993 713 2070 confirmasti,
728 1997 760 2056 &
774 1995 870 2058 Thes·

182 2079 340 2140 salonicam
362 2076 420 2136 fide
440 2075 489 2135 tud
513 2077 613 2135 venire
633 2074 753 2154 jussisti:
778 2097 867 2158 quem

186 2179 224 2219 ue
243 2154 384 2234 majorum
403 2155 519 2235 quidem
535 2175 619 2215 more
634 2155 772 2237 supplicio
793 2156 868 2219 affe-

186 2236 267 2310 cisti,
285 2257 372 2318 quum
385 2235 468 2296 miser
478 2236 527 2296 ille
540 2234 681 2297 securibus
695 2235 813 2319 hospitis
825 2237 866 2299 sui

185 2320 315 2379 cervices
327 2315 466 2396 subjicere
481 2314 612 2399 gestiret3
626 2316 674 2378 sed
688 2319 716 2378 ei
730 2318 866 2393 medico,

184 2418 272 2479 quem
288 2417 384 2459 tecum
403 2399 565 2471 eduxeras,
584 2396 747 2481 imperasti,
766 2415 799 2458 ut
812 2418 868 2477 veg

184 2500 236 2539 nas
254 2479 377 2537 hominis
391 2478 543 2538 incideret.

226 2557 276 2629 84.
301 2555 380 2615 Tum
427 2556 524 2614 uidem
550 2555 602 2617 tibi
625 2556 712 2617 eriam
736 2556 865 2616 accessio

186 2635 239 2695 fuit
251 2636 287 2694 ad
299 2654 402 2694 necem
441 2633 559 2705 latoris,
577 2633 724 2696 Pleuratus
737 2632 798 2711 ejus
811 2636 867 2694 c0·'

185 2733 269 2785 mes;
284 2734 371 2794 quem
386 2711 490 2773 necasti
503 2713 691 2786 verberibus,
703 2712 811 2774 summa
822 2711 867 2776 se·-¹

185 2793 301 2855 neciute
316 2792 491 2853 confectum.
512 2792 692 2873 Idemquetu
706 2793 863 2857 Rab'ocen·

185 2891 269 2948 tum,
287 2872 411 2936 Bessicae
421 2875 514 2958 gentis
528 2875 711 3017 principem}
726 2896 815 2970 quum
830 2893 863 2939 te

730 2978 761 3021 tv
