2117 3942
282 361 343 414 rr:
380 351 666 420 munuum.
743 353 820 445 2837

122 478 219 601 ,ἳιηω
231 457 378 521 servaram
392 482 402 534 ;
420 461 473 535 δι,
487 466 511 523 si
525 485 582 555 ego
597 482 627 527 te
641 465 822 547 perditorem

124 582 128 593 ·
178 557 355 602 vexatorem
365 542 529 621 reipublicae
543 551 627 619 tero,
642 563 673 607 tu
685 568 733 609 me
745 569 822 608 con-

132 620 314 691 servatorem
324 620 358 680 &
368 622 517 684 custodem
526 623 612 686 feras.
624 625 741 688 Deinde
755 627 820 706 ejus

128 702 185 761 -viri
202 698 354 762 discedunt
370 704 526 783 increpas,
544 726 632 786 quem
649 707 752 781 vides,
774 711 820 769 ci·

132 783 212 843 vium
234 785 369 843 omniunt
390 782 563 857 desiderio,
586 789 673 866 ipsius
696 788 820 870 denique

128 861 300 1005 teigublicae
316 861 414 936 ludu,
432 862 489 925 effe
504 866 698 926 revocatum?

193 986 203 1004 .
224 941 271 1004 At
289 945 367 1005 enim
384 942 498 1018 dixisti,
519 967 582 1005 non
597 946 683 1020 mei,
699 945 749 1008 sed
763 949 825 1009 reia

154 1023 259 1084 ublicae
278 1025 364 1084 causi
379 1023 511 1086 homines
528 1027 566 1086 de
583 1049 653 1088 meo
670 1027 762 1088 reditu
776 1029 821 1090 la·

130 1045 259 1166 ioraffe.
281 1103 376 1183 Quasi
394 1107 468 1165 veri>
487 1107 636 1188 quisquam
654 1110 698 1167 vir
719 1110 821 1170 excel-

137 1184 205 1247 lenti
223 1185 325 1247 aninto
341 1185 593 1266 inrempublicam
610 1186 746 1269 ingressus
763 1212 823 1271 op·

136 1267 250 1329 tabilius
269 1265 427 1348 quidquam
445 1268 620 1343 arbitretur,
646 1268 734 1348 quim
753 1269 782 1329 se
800 1291 821 1330 e

131 1344 500 1428 {suineivibutrreipublicae
520 1349 605 1409 causa
622 1347 711 1431 diligi.
732 1347 817 1409 Scili-

138 1444 181 1489 oet
200 1425 302 1508 aspera
320 1447 388 1489 mea
405 1445 532 1503 natura,
560 1427 681 1489 difficilis
699 1428 791 1504 aditus
810 1475 821 1505 ‚

130 1510 229 1591 -gravis
247 1507 367 1583 vultus,
382 1507 504 1590 superba
521 1509 679 1590 responsa,
696 1508 821 1572 insolens

130 1591 194 1651 uita
206 1610 220 1649 -t
238 1607 331 1651 nemo
354 1589 563 1651 humanitatem
584 1611 706 1664 meam,
729 1611 820 1652 nemo

128 1668 398 1744 eonsuetudinem,
418 1689 509 1732 nemo
534 1672 708 1743 consilium,
729 1691 819 1731 nemo

128 1751 274 1811 ¹auxilium
289 1750 452 1830 requirebat
469 1773 477 1810 :
498 1749 579 1829 cujus
599 1750 744 1811 desiderio
761 1749 821 1831 (ut

130 1831 198 1893 ¹ittet
207 1831 327 1893 minima
339 1831 432 1891 dicam
443 1829 564 1912 )forunt
574 1829 727 1903 moestum,
741 1851 822 1890 muta

137 1915 240 1986 curin,
267 1913 367 1973 omnia
395 1913 521 1993 denique
549 1913 692 1971 bonarum
719 1913 823 1970 artium

85 2034 87 2039 ·
137 1991 393 2055 studia-siluerunt.

176 2093 208 2154 9.
230 2070 291 2133 Sed
304 2073 374 2133 nihil
386 2073 421 2132 sit
438 2071 545 2132 {adium
557 2070 624 2131 mei
637 2068 722 2130 causi
735 2091 742 2129 :
756 2090 823 2130 om·

129 2157 185 2217 :uia
199 2154 250 2217 ilia
264 2151 505 2214 senatusconsulta
516 2197 526 2225 ‚
537 2151 646 2231 populi
662 2148 751 2230 juda,
768 2149 824 2211 lta·

131 2236 182 2298 iia
197 2235 313 2306 totius,
332 2233 497 2295 condatum
517 2231 705 2305 societatum,
726 2233 823 2292 colle-

85 2356 88 2365 ·
130 2318 254 2399 -giotum
267 2317 399 2375 omnium
412 2315 527 2374 decreta
544 2313 581 2373 de
596 2334 643 2373 me
656 2313 824 2393 reipublicae

85 2432 88 2467 :
131 2397 227 2457 -eausi
251 2391 308 2455 effe
336 2393 410 2454 fatie
433 2393 583 2453 fateamur.
611 2391 694 2471 Quid
718 2412 790 2472 ergo
813 2433 824 2462 ‚

85 2518 91 2557 3
134 2477 232 2539 homo
246 2476 461 2554 imperitissime
478 2471 578 2533 solidae
594 2473 706 2544 laudis,
722 2493 756 2529 ac
770 2489 826 2530 ve·

85 2564 92 2631 ,ἐ
134 2556 347 2639 ·1ae²dignitatis
359 2553 561 2635 ‚zp'raestantius
578 2553 649 2611 mihi
666 2553 761 2630 potuit
777 2569 826 2607 ac·

85 2676 96 2719 3
136 2636 258 2707 uidete?
274 2635 345 2716 quid
352 2636 515 2715 roptabilius
528 2631 565 2690 ad
579 2630 828 2690 immortalitatem

85 2744 104 2806 ῃ,
140 2717 366 2853 :poneretque
383 2716 420 2775 ad
438 2714 613 2775 memoriam
631 2713 688 2769 mei
703 2711 827 2769 nominis

85 2842 109 2882 rr*
147 2843 152 2851 .
164 2799 362 2877 empsternnm,
375 2796 462 2875 quim
474 2813 578 2855 omnes
586 2793 644 2851 hoc
655 2792 733 2851 cives
744 2810 828 2850 meos

85 2884 113 2978 ᾗ,
147 2870 291 2953 =iudicare,
308 2879 429 2940 civitatis
446 2875 567 2937 salutem
583 2893 649 2934 cum
663 2873 828 2951 meounius
