2117 3942
274 381 375 451 Pno
399 372 440 453 P.
464 383 680 456 errro.
747 407 826 485 239

175 493 227 557 82.
246 492 291 555 At
305 497 379 558 verb
391 498 431 558 illi
444 501 497 580 ipsi
511 499 680 580 parricidae,
695 520 821 581 quorum

144 575 295 637 effrenatus
305 575 386 637 furor
394 581 475 640 alitur
490 583 659 661 impunitate
669 581 799 642 diutumi
814 625 825 658 ,

143 657 212 717 adeb
224 658 290 717 vim
305 656 440 721 facinoris
453 660 492 720 sui
506 662 752 742 perhorruerant,
771 678 823 737 ut,

140 737 400 879 {tparglrralcpp‘gior
407 742 524 881 iplpinip
537 743 639 801 mortis
652 740 740 882 Sextfii
758 740 831 882 fuig-

139 861 233 1037 ‘perior
247 840 496 1040 crffpinupiicauii:
514 837 826 1062 ἒὲἒάἑὶξὲἓὲἰῑξξιῗιῑῖ

171 995 227 1038 usrt
240 999 276 1037 ru
313 1000 347 1039 cu
359 1001 392 1040 us
403 1002 463 1042 non
476 998 606 1042 incautus
642 1000 679 1041 ne
720 1000 826 1044 eemm

138 1057 268 1118 homines
284 1078 413 1140 nequam
427 1080 524 1122 tacere
545 1002 729 1142 potueruriqtu)
744 1060 825 1122 suum

137 1130 305 1220 sanguinem
327 1143 415 1220 quari
437 1141 475 1201 ad
494 1141 726 1223 restinguendam
748 1141 828 1202 invi·

137 1217 208 1278 diam
227 1217 369 1280 facinoris
383 1219 523 1282 Clodiani
541 1243 549 1281 ε
566 1223 753 1282 mulionicam
770 1241 829 1302 pe·

136 1300 229 1358 nulam
243 1303 386 1381 arripuit,
405 1322 473 1361 cum
487 1323 543 1383 qua
557 1305 682 1382 primum
695 1302 824 1363 Romam

136 1379 169 1439 ad
192 1382 317 1441 comitia
341 1399 492 1442 venerat:
514 1381 648 1445 mefforii
674 1381 703 1442 se
732 1384 823 1444 corbe

136 1462 264 1521 contexit
279 1482 287 1519 z
302 1481 393 1542 quum
405 1480 564 1543 mererent
579 1463 625 1522 alii
638 1461 824 1539 Numerium,

135 1540 178 1600 alii
188 1539 374 1621 Quintium,
391 1545 499 1624 gemini
511 1545 637 1602 nominis
653 1562 752 1604 errore
767 1543 827 1605 ser·

134 1637 214 1682 vatus
229 1619 285 1683 est.
306 1621 406 1704 Atque
422 1624 479 1683 hoc
497 1620 573 1683 scitis
590 1643 717 1696 omnes,
733 1622 823 1704 usque

85 1698 88 1767 ἓ
135 1702 207 1763 adeo
227 1702 385 1764 hominem
404 1705 435 1762 in
456 1704 587 1784 periculo
607 1701 708 1776 soille,
727 1704 826 1784 quoad

134 1779 232 1842 scitum
249 1785 287 1842 sit
298 1781 430 1843 Sextium
449 1787 570 1844 vivere:
586 1783 668 1864 quod
686 1784 738 1843 nisi
755 1782 825 1844 effer

135 1861 312 1942 parefallum
337 1864 425 1944 paulb
446 1867 552 1936 cinus,
574 1862 662 1943 quim
686 1863 825 1937 vellem;

135 1962 193 2002 non
204 1943 248 2002 illi
265 1943 386 2025 quidem
396 1961 491 2004 morte
504 1942 673 2002 mercenarii
683 1940 723 2000 sui
733 1958 827 2002 trans·

136 2020 378 2104 lerrepotuilsent
387 2025 525 2084 invidiam
536 2026 565 2082 in
577 2043 650 2103 quos
666 2023 824 2102 putabant,

137 2100 183 2162 sed
211 2105 390 2164 acerbissimi
415 2102 528 2164 sceleris
559 2102 707 2163 infamiam
737 2121 823 2185 grato

139 2183 264 2265 quodam
281 2185 390 2271 scelye
407 2182 580 2245 minuissent.

174 2264 224 2344 83.
246 2265 321 2339 Ac,
341 2267 364 2324 si
382 2283 451 2325 tunc
470 2265 502 2326 P.
525 2264 661 2339 Sextius,
682 2263 824 2340 ludices,

89 2362 93 2401 r
141 2343 296 2426 intemplo
309 2343 436 2406 Castoris
453 2348 596 2418 animam,
612 2367 698 2427 quam
713 2349 762 2405 vix
777 2365 826 2406 re·
849 2382 855 2433 -,

90 2430 94 2479 ἱ
144 2427 241 2500 inuh,
266 2425 425 2497 edidillet3
451 2445 511 2486 non
537 2427 661 2498 dubito,
680 2428 748 2506 quin
770 2468 779 2496 ,
799 2425 823 2482 si

144 2506 227 2566 nodo
244 2505 316 2566 effer
338 2509 367 2566 in
384 2507 533 2585 republica
550 2507 688 2577 senatus,
713 2507 736 2561 si
756 2524 823 2560 ma·

143 2580 219 2662 jestas
230 2588 335 2667 populi
349 2585 475 2646 Romani
490 2583 653 2655 revixillet,
667 2582 822 2661 aliquando

144 2663 224 2726 llatua
245 2667 314 2726 huic
333 2666 376 2725 ob
394 2666 603 2746 rempublicam
623 2660 776 2722 interfecto
794 2664 825 2722 in

143 2742 201 2806 loro
222 2744 403 2807 statueretur.
429 2745 586 2840 Nuecnvem
606 2743 721 2837 illorum
742 2744 822 2823 quis-

91 2870 98 2933 ι
141 2820 824 2992 1,,⁹sterilitatiumzur
