2117 3942
271 378 368 447 Pno
395 381 470 448 Cre.
498 383 734 450 PLAucto.
774 395 851 473 525
879 378 881 383 ’

210 512 262 567 42.
283 491 387 573 Neque
410 514 466 575 ego
485 490 563 554 'nunc
582 495 653 576 legis
673 497 853 578 iniquitatem
878 485 884 498 ¹

190 594 297 644 ueror,
318 573 367 633 sed
384 573 489 634 salium
503 593 584 634 tuum
598 598 615 635 a
627 575 766 636 sententia
779 577 853 657 legis

166 597 268 715 doceo
286 653 465 733 discrepare3
484 655 604 713 &illud
624 658 758 716 acerbum
773 655 851 733 judl-

166 738 268 805 cium,
287 735 327 806 si,
342 734 590 814 quemadmodum
604 732 715 794 senatus
734 736 865 810 censuit,

166 812 349 897 populusque
362 811 462 891 jussit,
479 815 518 873 ita
536 811 665 889 feciffes,
685 832 716 874 ut
733 817 762 874 in
775 817 851 876 hunc

167 894 315 966 &·suam,
329 894 361 953 &
374 895 410 953 ab
427 895 484 953 hoc
502 893 768 960 observatastribus
782 896 854 957 ede·

168 995 238 1046 res3
255 994 317 1033 non
336 974 427 1034 modi>
445 995 506 1033 non
526 994 685 1055 quererer,
701 974 750 1035 sed
766 976 854 1049 hunc,

167 1054 312 1137 judicibus
326 1056 428 1128 editis,
442 1057 492 1136 qui
508 1053 595 1114 testes
607 1054 697 1114 iidem
715 1053 771 1115 effe
783 1076 854 1135 pos·
892 1081 894 1084 ·

167 1135 257 1206 sent,
286 1133 446 1194 absolutum
471 1150 605 1215 putarem
628 1154 752 1214 :neque
778 1155 855 1195 nunc

169 1216 265 1278 multb
280 1213 358 1274 secus
377 1213 527 1275 existimo:
545 1235 633 1295 quum
650 1217 729 1275 enim
744 1215 857 1273 hastri·

169 1299 226 1358 bus
238 1294 367 1366 edidisti3
383 1299 489 1378 ignotis
502 1313 532 1356 te
546 1294 685 1374 judicibus
698 1296 740 1353 uti
757 1295 856 1367 malle,

169 1377 261 1460 quim
281 1379 374 1450 notis,
389 1374 566 1437 indicavisti:
582 1373 674 1457 fugisti
687 1374 856 1436 sententiam

170 1460 201 1519 le
222 1460 264 1515 is:
279 1458 443 1537 aequitatem
461 1477 582 1518 omnem
603 1454 746 1536 rejecisti:
766 1457 796 1516 in
813 1471 857 1515 te·

171 1559 211 1599 ne
234 1538 291 1606 ris,
314 1537 401 1617 quam
427 1541 457 1597 in
483 1539 573 1611 luce,
604 1536 717 1598 causam
746 1534 854 1599 versari

172 1614 306 1679 maluisti.

217 1715 268 1775 43.
287 1696 420 1756 Voltinia
439 1696 528 1756 tribus
555 1695 673 1755 abhoc
698 1716 781 1755 corru
817 1715 855 1755 a:

172 1776 366 1839 Terentinam
387 1772 526 1836 habuerat
543 1774 688 1835 venalem.
710 1773 772 1853 Qui
811 1774 860 1834 di·

173 1874 255 1920 ceret
269 1857 347 1937 apud
361 1854 576 1927 Voltinienses,
597 1871 646 1914 aut
658 1854 777 1915 tribules
793 1852 858 1914 suos

174 1937 286 2030 judices
299 1936 309 1996 ἓ
323 1938 414 1995 immo
423 1936 497 1996 verb
509 1950 539 1994 tu
550 1933 619 2014 quid
628 1933 758 1995 diceres?
769 1936 858 2014 quem

171 2020 306 2099 ,judicem
325 2037 361 2076 ex
379 2017 442 2075 illis
453 2031 500 2073 aut
516 2017 636 2075 tacitum
654 2012 755 2075 testem
769 2013 860 2074 habe·

175 2120 246 2169 res,
269 2114 317 2157 aut
336 2096 408 2154 verb
430 2098 518 2155 etiam
538 2094 700 2171 excitares?
721 2093 859 2168 Etenim,

176 2184 201 2239 si
221 2197 287 2237 reus
307 2175 394 2235 tribus
419 2175 538 2247 ederet,
553 2175 717 2235 Voltiniam
740 2173 857 2236 fortalle

176 2259 330 2328 Plancius,
350 2275 469 2336 propter
486 2257 669 2317 vicinitatem.
683 2277 716 2316 ac
733 2258 859 2317 necessi·

177 2340 310 2400 tudinem
319 2335 417 2409 suam,
433 2357 493 2396 non
506 2335 656 2417 edidiffet;
672 2338 725 2410 δι,
742 2340 765 2396 si
780 2334 860 2416 quae-v

180 2424 250 2480 sitor
269 2418 399 2478 edendus
420 2416 533 2489 fuillet,
552 2438 641 2497 quem
660 2416 778 2476 tandem
798 2435 861 2550 to-

179 2504 236 2560 tius
246 2543 255 2570 ,
267 2497 354 2577 quam
365 2497 439 2555 hunc
448 2495 486 2555 C.
496 2495 646 2566 Flavium,
661 2515 750 2575 quem
761 2495 797 2552 ha
819 2509 861 2566 et,

179 2583 227 2640 cui
239 2575 403 2637 notissimus
420 2573 476 2636 elle
494 2574 601 2646 debet,
617 2576 761 2646 vicinum,
775 2571 864 2632 tribu·

180 2663 243 2720 lem
254 2702 263 2731 ,
276 2657 477 2737 gravissimum
488 2653 658 2724 hominem,
667 2652 862 2732 justissimum-

181 2758 241 2820 que
261 2732 410 2796 edidiffet?
433 2732 512 2812 cujus
529 2733 647 2814 quidem
711 2737 802 2807 uitas,
827 2734 862 2794 &

182 2839 258 2881 meae
277 2815 374 2874 similis
388 2816 524 2875 voluntas
544 2834 574 2873 er
595 2811 684 2874 aCn.
721 2813 803 2874 lancii
817 2813 861 2875 sa·

181 2902 297 2973 lutem,
314 2915 400 2976 quam
415 2895 462 2957 ille
480 2897 542 2958 sine
558 2835 616 2957 uda
631 2896 791 2977 cupiditatis
802 2893 863 2956 sus·
