2117 3942
1094 361 1253 456 476
1357 412 1366 421 -
1556 365 1973 440 Oxarte

1079 497 1225 539 eum
1257 494 1319 538 tu
1352 476 1545 541 facere
1581 481 1704 561 jure
1734 485 1973 544 concedi

1089 559 1157 621 &
1238 559 1552 622 erditorem
1603 584 1723 623 non
1766 564 1948 624 modo

1085 659 1161 699 au
1218 641 1473 714 oritatis‚
1526 639 1625 702 sed
1659 647 1900 702 omnino
1934 665 1973 704 o

1085 721 1255 778 minis
1304 718 1433 779 sui:
1487 723 1689 784 videre
1750 726 1969 805 equites

1084 797 1316 880 possunt
1353 846 1371 874 ‚
1414 823 1532 883 quo
1571 823 1644 864 ex
1685 804 1888 864 ordine
1928 827 1973 864 v·

1083 900 1212 940 mus
1257 881 1321 940 δι
1366 883 1753 943 ornatissimus
1789 929 1808 957 ‚
1862 882 1929 943 L.

1086 960 1321 1021 consule
1344 1006 1362 1035 ,
1393 963 1714 1044 relegatus:
1747 965 1912 1044 plebs
1949 963 1973 1022 I

1091 1056 1216 1101 tum
1252 1043 1406 1121 cupit
1428 1086 1448 1115 ,
1481 1045 1539 1102 in
1576 1042 1735 1119 cujus
1764 1062 1825 1102 tu
1857 1041 1971 1101 infa

1089 1141 1197 1202 per
1230 1122 1581 1182 latrones&
1616 1142 1721 1205 per
1750 1121 1949 1182 servos

1093 1200 1415 1263 contulisti:
1457 1200 1619 1261 Italia
1655 1201 1853 1261 cuncta
1893 1221 1973 1262 ex:

1079 1283 1255 1344 »idem
1284 1300 1348 1342 tu
1381 1281 1775 1364 superbissime
1798 1282 1969 1344 decre

1092 1361 1354 1445 pudiasti.
1509 1365 1517 1381 ⁸

1079 1476 1083 1484 ·
1174 1443 1270 1522 65.
1318 1441 1433 1502 Fac
1468 1438 1632 1516 hujus
1666 1441 1785 1501 odii
1821 1442 1961 1501 tanti

1087 1525 1242 1583 versi
1273 1519 1584 1600 periculum
1606 1564 1625 1593 ,
1656 1524 1701 1579 si
1727 1522 1925 1582 audes.
1956 1519 1973 1579 l

1079 1603 1306 1662 -minum
1338 1602 1680 1660 memoriam
1716 1603 1971 1682 apparati

1087 1679 1552 1759 ficentissimique
1602 1679 1719 1739 ludi
1765 1724 1785 1754 ‚
1841 1681 1973 1762 qual

1087 1781 1402 1842 numquam
1436 1758 1664 1820 fuerunt
1685 1805 1705 1833 ,
1741 1758 1839 1820 sed
1878 1781 1954 1821 ne

1079 1842 1326 1923 quidem
1353 1838 1583 1921 posthac
1615 1842 1872 1921 possint,
1904 1862 1973 1920 pc

1079 1938 1157 1982 *to
1194 1920 1465 2000 suspicari.
1512 1919 1607 1978 Da
1640 1937 1697 1979 te
1774 1921 1955 1999 opulo

1079 2001 1196 2061 dis.
1233 2000 1470 2062 sibilum
1504 2003 1711 2060 metuis
1731 2045 1743 2057 .
1782 2002 1879 2058 ubi
1911 2000 1971 2059 su

1079 2080 1224 2140 .lae?
1275 2080 1366 2141 Ne
1418 2080 1816 2140 acclametur?
1877 2100 1950 2139 ne

1093 2180 1291 2220 curare
1331 2159 1551 2240 philoso
1596 2161 1672 2218 hi.
1720 2157 1973 2219 Manus]

1096 2256 1190 2297 tur
1230 2242 1431 2299 times:
1472 2182 1637 2300 dopor
1664 2241 1817 2299 enim
1855 2237 1934 2298 est

1096 2334 1265 2399 putas
1303 2337 1318 2375 ε
1370 2318 1705 2378 existimatio
1750 2363 1769 2391 ‚
1821 2318 1973 2377 dede

1079 2396 1390 2478 -turpitudo
1414 2441 1431 2470 ,
1470 2398 1649 2457 verba
1680 2396 1805 2457 sunt
1843 2415 1973 2479 atqu

1079 2480 1174 2541 ‘de
1198 2479 1311 2538 hoc
1341 2498 1458 2537 non
1482 2477 1719 2537 dubito:
1758 2498 1878 2537 non
1915 2499 1973 2538 au

1098 2560 1173 2620 ad
1193 2559 1401 2619 ludos:
1430 2560 1761 2619 convivium
1786 2559 1973 2638 public

1086 2643 1238 2700 ·tatis
1272 2640 1445 2722 gratia
1483 2641 1642 2698 inibit
1674 2636 1825 2719 (nisi
1858 2638 1973 2698 fort

1089 2723 1293 2780 tribus
1328 2719 1690 2800 conscripti5‚
1723 2719 1833 2776 hoc
1860 2717 1973 2792 est,

1118 2795 1264 2870 suiS‚
1304 2819 1497 2860 coenet
1518 2805 1549 2877 )
1573 2799 1671 2860 sed
1705 2797 1871 2877 plane
1899 2820 1967 2857 an

1184 2877 1285 2941 66.
1320 2881 1515 2944 Ludos
1541 2881 1708 2942 nobis
1736 2878 1925 2941 idiotis
1951 2900 1973 2937 r
