2117 3942
330 351 386 395 rr
411 335 733 400 Contemnunt.
809 335 863 417 585

224 451 300 504 539,
317 455 344 502 7.
368 440 425 489 Nisi
444 440 639 507 cum...purabis
655 441 734 507 firiffe.
756 441 867 492 Verbum
956 459 958 462 ·

178 512 297 581 putabis,
311 524 353 562 aut
367 511 476 579 putabit,
494 525 522 562 ut
536 514 624 562 habent
639 516 733 580 quidam
749 513 866 571 codices,

181 583 251 637 reclir
271 585 368 634 delebat
390 584 543 636 Gulielmius.

224 672 296 719 544,
316 671 357 721 19.
371 655 443 727 Quod
453 654 504 722 fiir
519 657 629 706 ullorum.
644 657 743 709 Addunt
756 659 867 726 vulgati,

183 745 277 781 rantum
288 730 301 778 ?
312 730 421 796 requiro,
433 743 507 778 utmm
520 745 589 797 putes
604 731 690 781 odium.
707 731 774 794 Quas
790 747 867 783 voces

183 821 198 854 e
213 801 288 854 versu
299 801 413 868 superiori
428 802 488 852 male
503 803 601 852 iteratas
615 804 737 853 erasinrus.
751 805 802 853 Has
817 805 868 854 duo

183 876 287 928 codices
304 891 318 924 e
335 874 438 933 nostris,
457 876 585 940 pluresque
602 877 641 924 alii
659 893 707 924 non
725 876 867 942 agnoscunt.

224 946 278 1008 ς46
289 979 297 1004 ,
309 963 353 1010 ²7·
369 946 472 1013 Propter
483 948 518 998 rei
531 949 718 1014 magnitudinem.
735 949 771 997 lta
786 965 800 997 e
815 946 866 996 nill‘.

183 1019 332 1071 Gulielmius
352 1019 377 1068 δι
395 1019 518 1070 Graevius.
536 1020 637 1088 Vulgati
653 1019 768 1072 mendose
778 1054 785 1079 ,
796 1036 869 1087 prop·

184 1109 224 1142 rer·
243 1092 292 1156 ejus
309 1091 498 1160 magnitudinem.

225 1180 277 1227 547
295 1197 304 1223 2
326 1179 370 1214 ια.
388 1163 423 1214 Er
438 1165 493 1214 milii
513 1165 587 1215 dices.
603 1165 640 1214 lta
658 1164 770 1216 Graevius
787 1180 801 1211 e
817 1161 868 1214 mll'.

184 1237 209 1288 in
225 1239 331 1304 quibus,
348 1249 376 1286 ut
391 1238 417 1289 in
433 1237 525 1302 optimo
540 1254 554 1286 e
570 1237 672 1294 nossris,
689 1237 797 1288 scribitur
809 1235 871 1286 iniri

185 1309 363 1366 contenderim,
377 1325 445 1366 non,
460 1320 486 1358 ut
498 1307 592 1376 vulgi),
607 1309 761 1359 contenderir.

226 1380 298 1443 548,
315 1394 359 1441 24.
379 1380 415 1430 Er
430 1380 538 1442 injuriam
552 1381 669 1447 praeroris.
684 1379 767 1448 Vulgi>
783 1377 870 1446 populi

184 1453 312 1509 Romani,
335 1452 376 1503 sed
399 1451 539 1503 Gruterieni
559 1453 656 1503 codices
676 1455 700 1505 ὃ(
720 1453 790 1502 nollri
811 1452 870 1502 scri·

184 1529 248 1578 bunt
264 1544 290 1593 p.
303 1543 326 1574 t.
344 1524 426 1583 unde,
443 1538 471 1575 ut
486 1525 563 1575 innuit
580 1526 723 1577 Gulielmius
735 1559 742 1584 ,
754 1524 805 1574 fieri
824 1540 870 1590 po-

184 1599 232 1650 test
249 1597 376 1665 praeeoris,
395 1596 475 1662 potiris
493 1601 563 1663 quini
576 1599 660 1664 populi
679 1598 779 1652 Romani
791 1612 799 1648 :
811 1609 870 1648 tunc

185 1672 252 1724 enim
270 1670 342 1721 iidern
361 1671 458 1720 codices
476 1669 582 1721 scribunt
597 1670 652 1736 ppli
667 1671 701 1720 R.

228 1758 299 1805 550,
320 1756 345 1804 3.
369 1738 475 1792 Saluuni
486 1741 648 1808 ...abjeceru
669 1743 705 1791 lta
727 1742 804 1792 codex
822 1741 871 1791 Er·

183 1815 301 1869 sutrensis
317 1813 426 1870 Graevii,
442 1813 525 1864 melicis
540 1819 609 1880 quim
626 1815 735 1882 vulgati,
752 1813 869 1877 obiecero.

222 1902 274 1955 551
288 1921 298 1943 ‚
311 1900 354 1950 30.
365 1885 394 1936 In
406 1887 491 1944 ludos,
502 1888 611 1936 nimirum
626 1887 767 1943 Circenses,
779 1887 803 1934 in
817 1885 871 1950 qui·

184 1963 231 2012 bus
243 1959 356 2017 thenlae,
371 1959 412 2011 seu
428 1959 491 2009 sacra
507 1961 614 2024 quaedam
631 1959 759 2014 vehicula,
772 1974 785 2005 a
799 1958 869 2023 signo

184 2032 318 2085 Vertumni
327 2032 351 2080 in
363 2032 452 2080 circum
463 2033 589 2085 maximum
601 2033 770 2085 ducebantur,
790 2029 871 2078 onusta

188 2106 291 2156 deorum
306 2103 446 2170 imaginibus
465 2119 473 2153 ε
492 2104 595 2152 aediliurn
610 2115 689 2152 aurem
708 2113 760 2150 erat
776 2101 873 2150 thensa-

187 2194 241 2228 rurn
259 2177 283 2228 δι
301 2193 395 2242 pompae
412 2177 474 2226 illius
490 2175 553 2224 viam
573 2192 666 2224 curare.
686 2174 785 2241 Vulgari
802 2191 872 2224 men·

189 2248 251 2302 dese
269 2249 294 2298 in
312 2249 387 2298 locos.
409 2247 493 2299 Ursini
508 2247 534 2298 ὅ(
549 2248 659 2297 Turnebi
677 2247 772 2296 codices
793 2247 872 2311 sequi·

190 2339 243 2373 mur
254 2338 307 2371 curn
320 2321 429 2372 Graevio.
443 2320 514 2370 Unus
526 2337 540 2370 e
551 2320 635 2370 nostris
649 2319 764 2370 mendose
776 2317 870 2383 illusor.

230 2395 279 2457 563
291 2426 301 2448 ‚
320 2409 363 2444 20.
377 2393 409 2444 Te
420 2410 496 2443 tamen
507 2427 515 2452 ,
528 2391 639 2461 exfhrge,
652 2389 725 2458 quasa
737 2424 744 2448 ,
755 2388 871 2444 retinebo.

191 2467 229 2517 lta
247 2465 338 2517 Graevii
354 2466 433 2515 codex
448 2465 614 2522 Erfurtensis,
630 2463 656 2512 &
673 2465 721 2512 cluo
737 2479 750 2511 e
768 2461 870 2520 nostris,

191 2538 264 2604 idque
282 2537 374 2602 praestat
392 2537 510 2606 vulgato,
525 2538 568 2590 lucc
584 2534 678 2608 exsurge
694 2550 770 2589 earnm
786 2531 869 2605 queso.

194 2609 317 2667 Mmm

444 2801 624 2859 FINIS.
