2117 3942
319 374 482 448 Pno›P.
506 380 716 452 ωηο.
766 381 874 482 *aot

191 491 247 573 tilio
267 489 390 552 mutasse
411 491 522 554 vestem
543 494 554 554 i
577 517 641 577 quae
662 495 782 578 quidem
805 516 876 579 tum

189 574 306 633 mutatio
322 592 385 632 non
400 573 610 654 deprecationis
625 579 709 636 causti
724 575 766 639 est
775 576 871 653 fassa,

187 652 232 720 sed
251 650 372 712 ruerus:
397 673 486 736 quem
511 659 589 715 enim
612 654 869 736 deprecarentur,

146 762 148 769 ¹
186 753 271 814 quum
295 752 401 792 omnes
425 731 515 795 essent
537 733 697 796 sordidati?
716 758 868 818 quumque

185 812 239 873 hoc
257 811 324 872 satis
337 809 408 873 esset
425 816 514 896 signi,
540 813 597 875 esse
613 817 653 874 im
674 817 796 891 nobum,
814 817 866 898 qui

184 892 292 953 mutata
313 891 394 952 veste
416 914 478 953 non
498 891 597 955 ess'et?
620 895 685 955 Hac
704 899 865 959 mutatione

184 973 266 1033 vestis
282 969 376 1045 fassi,
390 989 471 1032 tanto
485 974 515 1032 in
531 973 609 1033 lustu
621 976 763 1049 civitatis,
777 979 867 1036 ornit-

185 1068 214 1129 to
230 1050 302 1132 quid
318 1050 367 1111 ille
384 1052 534 1125 tribunus,
551 1056 683 1113 omnium
701 1074 797 1115 rerum
816 1055 865 1115 di·

184 1134 316 1194 vinarum
338 1130 585 1212 humanarumque
591 1132 723 1270 ‹sraedo’
743 1132 868 1210 fecerit;

184 1215 231 1294 qui
246 1208 344 1271 adeffe
360 1211 556 1271 nobilissimos
573 1234 589 1270 a
611 1210 793 1288 olescentes,
810 1214 867 1274 ho·

184 1291 357 1354 nestissimos
370 1294 480 1371 equites
496 1290 667 1365 Romanos,
685 1291 865 1373 deprecato·

184 1393 226 1437 res
241 1371 339 1440 salutis
348 1392 427 1451 ‚meae
440 1368 565 1443 iusserit,
584 1371 692 1453 eosque
708 1392 868 1454 operarum

183 1446 292 1512 suarum
313 1449 461 1532 gladiis&
476 1451 618 1531 lapidibus
638 1450 798 1529 objecerit:
824 1450 864 1512 de

183 1528 345 1596 eonsulibus
359 1530 483 1612 loquor,
495 1551 619 1612 quorum
634 1529 692 1592 fide
702 1530 867 1615 respublica
886 1596 890 1609 ,

183 1615 232 1672 uiti
244 1613 365 1672 debuit.

185 1687 191 1696 '
220 1691 271 1753 28.
290 1690 477 1751 Exanimarus
495 1689 595 1751 evolat
608 1711 645 1752 ex
656 1689 777 1770 senatu,
797 1711 863 1754 non

183 1774 275 1835 minus
307 1770 476 1852 perturbato
506 1773 604 1830 animo
633 1788 720 1852 atque
745 1771 829 1831 vultu
850 1815 866 1844 ‚

183 1853 270 1934 quim
287 1853 311 1910 si
330 1851 426 1931 paucis
450 1850 614 1910 antemnis
634 1853 664 1910 in
687 1849 866 1911 creditorum

182 1928 361 1993 tenetentum
390 1927 560 1989 incidisset:
592 1929 716 1990 advocat
741 1932 866 1990 concio·

182 2032 266 2079 uem:
283 2010 373 2093 habet
383 2011 551 2102 orationqm
560 2010 649 2102 talem
666 2007 763 2069 consul
771 2054 786 2103 ⁹.
789 2030 865 2148 ¹qua-

183 2092 239 2152 lem
262 2110 423 2170 numquam
444 2086 569 2149 Catilina
589 2087 680 2147 visior
703 2089 787 2148 habu
810 2107 866 2151 ett

183 2170 285 2233 Errare
305 2171 472 2239 homines,
494 2171 518 2227 si
537 2170 626 2228 etiam
647 2185 711 2229 turn
732 2168 865 2231 senatum

183 2248 289 2332 uliquid
313 2253 343 2309 in
362 2247 507 2329 republica
526 2246 607 2330 posse
630 2245 862 2322 arbitrarentur:

184 2334 295 2412 equites
315 2330 390 2390 verb
405 2327 556 2388 Romanos
575 2330 692 2390 daturos
710 2331 783 2390 illius
804 2330 866 2389 diei

183 2432 304 2499 poenas,
320 2430 402 2490 quo,
418 2428 465 2467 me
484 2407 617 2484 consule,
636 2431 702 2469 curn
719 2409 820 2493 gladiis
832 2411 867 2465 in

186 2491 260 2553 clivo
281 2488 450 2568 Capitolino
468 2486 597 2548 fuissent:
619 2487 727 2548 venisse
747 2506 868 2566 tempus

185 2564 233 2643 iis,
250 2571 345 2650 quiin
361 2570 465 2628 timore
482 2567 594 2627 fuissent
607 2565 798 2646 (conjuratos
817 2567 865 2625 vi·

185 2645 287 2710 delicet
311 2646 450 2730 dicebat)
467 2645 621 2706 ulciscendi
641 2645 683 2705 se.
704 2643 734 2704 Si
756 2643 870 2706 dixisset

185 2724 238 2790 hoc
253 2729 370 2801 solium,
388 2729 469 2788 omni
488 2726 516 2785 su
540 2726 627 2805 plicio
645 2721 715 2784 esset
737 2723 862 2807 dignus:

185 2805 251 2879 nam
271 2811 368 2870 oratio
384 2805 443 2888 ipsa
459 2748 580 2865 consulis
596 2802 754 2883 perniciosa
770 2804 870 2887 potest

186 2883 397 2978 rempublicam
420 2883 603 2977 iubefrtiure.
632 2883 715 3025 Quiqs
735 2883 872 2961 fecerit,

720 2986 742 3028 v
854 2982 861 2995 .
