2117 3942
258 400 338 500 306
486 397 708 469 onam

256 517 314 588 ris,
328 513 444 587 omnia,
462 513 629 597 quaerelis,
640 511 883 588 consecuturum
896 531 945 579 eci

204 665 207 669 .
279 595 328 654 uid
356 595 507 668 audieris,
534 592 696 676 ecquisnam
722 595 777 654 tibi
805 594 944 673 dixerit,

257 615 295 736 l.
319 673 463 736 Caesarem
485 695 579 757 nuper
602 673 766 755 Aquileiae,
788 695 881 756 quum
905 677 942 738 de

277 754 425 816 uibusdam
454 753 524 816 esset
551 756 663 815 mentio
689 753 790 827 faeta,
817 755 942 832 dixisse,

287 879 295 895 .
309 834 421 896 Alfium
438 836 616 916 praeteritum
632 833 810 915 permoleste
830 835 945 913 tulisse,

257 916 337 996 qubd
355 919 385 975 in
406 916 525 977 homine
542 915 682 976 summam
701 913 793 976 fidem
812 917 947 996 probita-

255 1011 375 1077 temque
392 995 568 1077 cognollet:
595 997 779 1077 graviterque
802 999 892 1056 etiam
915 996 943 1058 se

256 1074 352 1149 serre,
367 1094 524 1156 praetorem
536 1075 661 1155 aliquem
675 1073 731 1135 else
748 1074 877 1149 fassum,
893 1081 947 1156 qui'

255 1155 339 1215 asuis
356 1157 514 1216 rationibus
530 1153 715 1216 dissensillet?
734 1170 798 1214 tum
814 1155 943 1236 quaesisse

255 1233 433 1316 quemdam,
447 1236 484 1296 de
493 1235 615 1295 Vatinio
626 1235 877 1316 quemadmodum
886 1235 943 1297 fer·

255 1331 301 1375 ret
317 1358 327 1387 ,
351 1315 443 1397 ipsum
460 1314 657 1396 respondisse,
677 1315 831 1375 Vatinium
846 1318 877 1376 in
891 1319 943 1376 tri-

254 1395 362 1456 bunatu
385 1397 471 1477 gratis
490 1397 561 1456 nihil
575 1393 672 1456 fecisse
689 1395 700 1456 ἓ
724 1398 775 1476 qui
792 1399 894 1456 omnia
912 1398 943 1457 in

253 1475 378 1554 pecunia
393 1474 548 1556 posuisset,
561 1477 785 1545 honoreanimo
800 1497 887 1561 aequo
898 1497 943 1539 ca·

254 1572 319 1615 rere
337 1553 467 1617 debere?
638 1608 640 1611 .
677 1583 680 1588 ·
941 1567 943 1571 ’

298 1651 345 1713 39.¹
364 1634 458 1714 Quod
474 1638 497 1697 si
511 1634 593 1718 ipse,
608 1636 658 1717 qui
673 1651 704 1696 te
723 1634 778 1695 suae
795 1636 825 1696 di
847 1638 941 1697 nitatis

253 1716 396 1796 augendae
410 1717 495 1776 causi
505 1718 637 1796 periculo
648 1733 720 1790 tuo,
734 1715 817 1777 nullo
826 1657 880 1778 luo
891 1717 943 1778 de·'‘

156 1846 158 1851 .
252 1794 347 1870 lislo,
368 1795 437 1856 ferri
454 1800 632 1877 praecipitem
656 1794 696 1856 ell
717 1795 802 1856 facile
822 1795 940 1877 pallus,

253 1877 352 1936 t'amen
369 1895 399 1937 te
418 1880 497 1937 omni
513 1877 628 1937 honore
645 1877 878 1958 indignissimum
895 1875 941 1956 ju-

252 1955 348 2016 dicat:
362 1958 385 2016 si
401 1973 431 2019 te
445 1959 552 2031 vicini,
568 1960 592 2016 si
602 1954 722 2027 affines,
734 1959 758 2016 si
769 1959 889 2019 tribules
897 1959 935 2017 ita

252 2036 380 2097 oderunt
400 2083 410 2110 ,
432 2053 463 2097 ut
480 2036 621 2117 repulsam
644 2054 745 2111 tuam,
762 2037 938 2118 triumphum

251 2114 333 2175 suum
351 2117 499 2178 duxerint:
518 2121 541 2177 si
557 2137 646 2177 nemo
663 2117 799 2197 adspicit,
819 2121 887 2199 quin
897 2119 938 2177 in·

252 2195 387 2276 gemiscat
407 2218 416 2270 ;
436 2218 525 2258 nemo
546 2199 733 2257 mentionem·
752 2195 850 2270 facit,
871 2199 937 2280 quin
985 2264 987 2277 Α

252 2273 434 2335 exsecretur:
454 2279 478 2335 si
494 2279 607 2350 vitant,
625 2277 760 2359 fugiunt,
781 2278 883 2345 audire
902 2277 937 2337 de
985 2332 987 2343 ,

252 2369 283 2415 te
299 2355 421 2414 nolunt:
441 2377 530 2436 quum
543 2357 697 2432 viderunt,
713 2373 865 2437 tamquam
883 2354 938 2416 aus-

250 2435 357 2517 picium
371 2434 480 2494 malum
496 2435 687 2497 detestamur:
705 2440 727 2496 si
740 2440 860 2530 cognati
873 2456 935 2497 res-

250 2534 343 2597 puunt
362 2561 372 2591 ,
388 2516 507 2576 tribules
533 2517 742 2590 exsecrantur,
766 2519 855 2577 vscini
874 2535 935 2576 me·

250 2612 334 2656 ruunt
354 2641 364 2669 ,
385 2595 485 2658 affines
503 2596 672 2658 erubescunt
691 2618 698 2656 :
720 2595 835 2658 strumae
858 2597 938 2658 denis

250 2697 308 2756 que
324 2678 360 2736 ab
376 2697 428 2737 ore
446 2677 583 2758 improbo
594 2677 807 2759 demigrarunt,
829 2676 862 2738 ἃ
876 2676 932 2737 alfia

250 2751 310 2894 pam
327 2757 356 2817 se
374 2757 446 2818 lotis
462 2759 659 2819 collocarunt:
675 2760 698 2816 si
717 2778 748 2818 es
765 2758 868 2818 odium
903 2777 933 2815 u·
985 2776 987 2785 ¹

271 2834 357 2896 licum
375 2859 415 2918 po
439 2838 497 2913 uli,
514 2837 645 2912 senatiss,
661 2837 863 2899 universorum
981 2844 987 2915 j

251 2915 362 2975 minum
380 2860 606 2992 rulicanorum
624 2916 772 3000 quidest,
832 2939 878 2979 am
894 2915 930 2977 ob

250 3010 314 3058 rem
326 3012 479 3078 praeturam
492 3001 590 3083 potius
604 3014 746 3082 exoptes,
757 3019 796 3082 qu
859 3009 933 3061 mot
