2117 3942
255 389 334 474 524
479 367 723 441 OnA'rro

229 505 231 511 '
296 509 346 565 40.
356 486 403 549 Tu
415 487 522 571 deligas
535 506 572 546 ex
585 489 666 547 omni
679 483 796 568 populo
811 501 862 544 aut
874 483 931 546 ani·

254 591 306 632 cos
326 588 411 643 tuos,
432 585 480 629 aut
500 568 634 627 inimicos
653 587 741 628 meos
755 610 768 636 ‚
788 583 840 625 aut
862 567 932 626 deni·

255 671 313 732 que
327 671 398 720 eos,
410 670 484 731 quos
496 648 709 720 inexorabiles,
724 668 803 727 quos
815 647 933 706 inhuma-

163 771 167 778 -
255 751 329 804 nos,
353 751 428 811 quos
452 727 597 789 crudeles.
611 725 781 788 existimes?
805 726 876 803 Tu,
896 745 933 785 ne

257 810 379 892 ignaro,
398 831 453 871 nec
480 810 642 889 opinante,
667 807 785 881 inscio,
805 824 889 867 notes
911 808 934 867 dt

257 908 342 963 tuos,
357 891 519 950 &tuorum
536 886 728 962 necellarioS,
746 886 798 948 vel
816 890 934 947 inimicos

258 991 365 1043 meos,
390 971 439 1030 vel
465 971 552 1029 etiam
579 967 768 1028 defensorum
790 966 933 1029 meorum?

259 1049 425 1131 eddemque
451 1048 611 1129 adjungas,
638 1069 715 1127 quos
738 1050 843 1108 natural
864 1066 934 1127 putes

260 1130 294 1190 as
310 1150 396 1204 eros,
415 1146 501 1210 atque
527 1128 661 1189 omnibus
676 1128 823 1209 iniquos?
845 1124 933 1188 deiude

260 1153 389 1272 ellundas
409 1209 550 1289 repenti,
573 1226 604 1266 ut
623 1210 689 1267 ante
713 1207 876 1269 conseffum
889 1227 932 1267 eo·

260 1311 324 1349 rum
345 1288 473 1368 judicum
496 1288 635 1357 videam,
663 1287 753 1367 quim
782 1290 932 1370 potuerim,

259 1372 309 1450 qui
326 1368 416 1430 ellent
434 1367 541 1441 futuri,
559 1366 710 1446 suspicari?
739 1391 757 1428 a
780 1370 820 1428 ud
843 1367 931 1448 eosque

260 1468 329 1520 rue,
349 1468 386 1508 ne
402 1452 528 1528 quinque
545 1447 662 1527 quidem
679 1445 743 1526 reje
773 1453 816 1523 is,
832 1449 933 1530 quodin

259 1529 394 1610 proximo
413 1547 465 1586 reo
490 1527 527 1586 de
546 1528 659 1587 consilii
676 1527 824 1589 sententia
842 1526 933 1590 consti·

261 1624 353 1667 rutum
375 1605 431 1679 est,
448 1609 664 1689 cogascausam
686 1608 724 1668 de
743 1609 869 1669 fortunis
883 1628 932 1668 on·

260 1689 345 1748 nibus
366 1687 481 1748 dicere?
503 1687 573 1746 Non
591 1690 690 1760 enim,
708 1691 733 1746 si
752 1709 805 1750 aut
818 1690 932 1749 Plancius

259 1771 299 1829 ita
320 1770 410 1842 vixit,
427 1785 458 1828 ut
480 1766 642 1829 offenderet
662 1766 756 1830 sciens
778 1775 933 1839 neminem,

259 1864 308 1908 aut
329 1865 361 1908 tu
381 1850 421 1907 ira
444 1846 560 1919 errassi,
581 1864 611 1906 ut
636 1867 689 1906 eos
713 1849 821 1910 ederes
839 1853 933 1930 impru-

259 1930 354 2002 dens,
373 1945 404 1988 ut
425 1949 498 2001 nos,
516 1929 608 1987 invito
627 1944 680 2000 te,
699 1944 802 1989 tamen
818 1931 853 1989 ad
871 1928 933 2006 judi·

258 2029 328 2082 ces,
344 2030 404 2068 non
418 2009 454 2066 ad
470 2006 614 2067 carnifices
626 2010 798 2068 veniremus
812 2057 822 2084 ,
840 2011 932 2070 idcirco

190 2155 193 2168 Ι
259 2088 310 2148 ista
331 2090 425 2148 editio·
438 2109 490 2168 per
508 2087 538 2147 se
553 2109 611 2146 non
631 2089 737 2147 acerba
761 2090 815 2150 est.

302 2167 418 2227 XVII.
433 2168 481 2227 An
503 2170 574 2228 veri)
594 2188 686 2246 nuper
704 2168 855 2230 clarissimi
871 2172 933 2228 cives

259 2266 368 2305 nomen
389 2248 459 2306 editi
482 2245 586 2325 judicis
605 2269 664 2308 non
689 2249 842 2323 tulerunt,
861 2266 931 2329 quuu

259 2345 296 2384 ex
309 2325 445 2385 CXXV
467 2324 627 2403 judicibus,
646 2329 827 2407 principibus
844 2348 932 2410 eques·

226 2442 227 2446 κ
257 2406 308 2466 tris
328 2406 453 2476 ordinis,
473 2408 599 2486 quinque
622 2408 654 2465 δι
673 2406 771 2467 LXX
787 2431 854 2471 reus
872 2406 931 2485 reji-
958 2462 961 2467 .

260 2503 359 2559 cerer,
384 2488 589 2567 quinquaginta
613 2486 759 2561 referret,
793 2492 932 2568 omniaque

260 2569 355 2648 potilts
372 2564 613 2646 permiscuerunt,
632 2566 719 2647 quim
736 2571 764 2627 ei
778 2569 837 2652 legi
846 2566 931 2628 condi·

259 2650 391 2728 rionique
407 2664 563 2728 parerent3
581 2667 635 2704 nos
655 2667 751 2726 neque
771 2669 809 2709 ex
832 2649 933 2710 deledis

258 2724 419 2802 judicibus,
439 2725 488 2786 sed
515 2747 550 2786 ex
578 2729 658 2785 omni
686 2730 825 2807 populo,
852 2745 933 2808 neque

257 2805 352 2864 editos
372 2808 407 2866 ad
427 2804 637 2884 rejiciendum,
657 2805 706 2866 sed
726 2809 763 2867 ab
786 2809 933 2870 accusatore

258 2884 425 2946 constitutos
445 2884 554 2963 judices
573 2890 613 2948 ira
629 2886 756 2949 feremus
767 2935 778 2965 ,
802 2911 833 2951 ut
855 2888 935 2951 nemi·

260 2985 328 3045 uem
350 2963 535 3046 rejiciamus!
581 3010 584 3015 ·
