2117 3942
267 393 325 436 rr
353 373 688 441 Connrornoe.
773 395 828 461 575

140 479 215 538 vius,
228 477 278 546 quis
287 494 392 544 unquam
410 494 457 527 ram
473 479 636 550 prompel·..id
655 477 830 546 effetfieilums.

180 567 232 614 ης
243 584 252 611 ,
265 564 290 616 3.
306 549 363 601 lure
376 551 508 617 presidium
525 554 667 618 comparas?
679 554 738 602 llaec
749 554 831 618 priora

141 624 264 678 Milonem
279 623 402 690 speilant,
417 641 486 690 quem
501 626 613 674 laudabat
628 626 752 675 accusator
766 626 830 677 Sex·

140 701 191 757 tii,
206 697 331 764 sequentia
351 697 381 745 ad
402 697 478 762 ipsum
494 696 604 746 Sextium
619 699 755 763 pertinent.-
771 700 829 750 Ve-

141 789 193 823 ram
207 770 337 821 mulonem
355 767 480 818 servarunt
495 769 543 819 duo
559 787 572 819 e
588 771 671 819 nostris
690 771 831 833 codicibus,

140 843 276 911 exquibus
293 842 366 892 etiam
383 841 444 891 infra
461 841 569 892 dedimus
585 857 710 897 monetur,
722 860 767 907 pro
777 847 831 894 vul·

142 926 203 986 gato
218 929 332 965 novem.
347 913 445 966 Vitiosi
461 915 567 983 vulgati,
580 915 619 982 qui
634 915 688 965 sitae
699 915 832 982 presidium

142 1002 284 1057 comparat,
296 987 348 1038 sine
361 985 508 1037 distinllione
518 987 623 1038 Milonis
636 988 662 1038 ὃ(
674 987 750 1037 Sextii
763 1004 772 1046 3
782 1000 831 1055 qua

142 1078 175 1114 ex
189 1060 294 1112 lellione
308 1072 336 1110 ut
349 1059 440 1108 sensum
455 1060 558 1122 aliquem
572 1061 674 1109 eliceret
689 1060 832 1119 Manutius,

142 1134 268 1192 addebat,
284 1148 335 1181 eun
356 1131 463 1182 leudes?
480 1133 540 1181 Loci
563 1132 709 1197 depravandi
732 1132 831 1184 occasio

143 1209 190 1258 luit
205 1204 319 1272 frequens
336 1205 452 1269 repetitio
470 1205 539 1255 vocis
556 1204 603 1271 qui.

181 1278 254 1334 218,
275 1289 300 1340 3.
318 1273 447 1326 indicibus.
463 1275 571 1342 Reponit
586 1276 714 1327 Lambinus
732 1276 832 1326 audaci.

143 1352 196 1403 bus.
216 1350 265 1400 Sed
281 1350 338 1399 vide
355 1350 385 1399 de
403 1365 466 1398 voce
491 1349 580 1400 indices
597 1350 668 1400 Orat.
689 1350 721 1400 de
739 1351 830 1415 aruspi-

145 1441 200 1476 cum
217 1423 356 1488 responsis,
368 1439 393 1472 n.
413 1434 457 1486 34.

181 1509 255 1561 249,
271 1509 313 1558 ¹9·
330 1494 365 1545 Ur
379 1495 403 1544 ii
416 1495 464 1544 sint
477 1494 611 1561 optimates.
627 1496 665 1546 lta
678 1510 733 1546 cum
746 1493 831 1545 Ursini

146 1571 210 1620 libro
228 1585 291 1618 unus
307 1584 321 1617 e
340 1567 432 1617 nostris.
449 1569 552 1635 Vulgari
568 1570 682 1619 omittunt
696 1568 831 1636 optimatis.

183 1642 256 1698 262,
275 1655 297 1690 i.
315 1640 364 1691 Ore
380 1639 435 1707 ipsi.
452 1640 580 1692 Lambinus
596 1642 663 1691 dedit
680 1657 712 1691 ex
728 1642 832 1708 conjec-

125 1728 128 1735 '
146 1728 200 1768 tura
219 1714 329 1764 Memmii
347 1712 435 1762 sudori
451 1712 505 1779 ipsi.

183 1786 255 1849 265,
269 1801 313 1836 21.
333 1785 400 1847 Sistis
411 1785 483 1853 pelli.
501 1785 538 1834 lta
554 1783 660 1834 scribunt
677 1783 769 1837 Graevii
787 1801 832 1837 co·

148 1862 215 1911 dices
237 1860 263 1910 δι
280 1856 361 1908 nostri·
380 1857 464 1926 Vulgo
483 1855 577 1917 sinistis.

184 1946 260 1997 270¹,
282 1945 325 1995 30.
344 1930 379 1979 Et
397 1933 429 1979 ad
445 1928 567 1979 Numidici
587 1926 653 1977 illius
672 1927 771 1978 Metelli
790 1946 832 1978 ee·

144 2004 205 2072 som.
222 2005 259 2055 lta
278 2003 401 2054 Manutius
419 2005 499 2052 locum
516 2000 653 2051 emendavit
670 2018 701 2050 ex
718 2002 831 2052 oratione

146 2079 199 2145 post
209 2078 312 2127 reditum
329 2074 353 2124 in
371 2075 454 2125 senatu
465 2108 474 2130 ‚
487 2092 512 2123 n.
523 2087 568 2133 23.
578 2073 676 2124 vitiose
687 2073 786 2124 codices
804 2075 831 2126 δι

147 2151 228 2208 edici,
248 2150 271 2200 o
289 2148 479 2198 subinnuitio
496 2147 566 2196 citius
582 2146 680 2195 Metelli
697 2142 785 2212 casum.

185 2234 259 2286 272,
278 2222 322 2271 28.
342 2220 443 2286 Aliquid
458 2218 549 2285 defec‘li.
566 2220 626 2270 Vox
640 2233 771 2285 corrupta,
786 2237 833 2288 pro

146 2310 194 2365 que
211 2295 338 2361 Manutius
357 2295 491 2358 reponebat
509 2292 601 2358 aliquid
617 2295 644 2341 de
661 2309 696 2342 me
706 2292 785 2361 fidi.

185 2383 260 2431 275,
278 2381 321 2430 30.
338 2365 381 2431 Ab)
391 2363 499 2432 uniuerso
511 2366 611 2433 populo.
627 2367 693 2433 Lege
709 2383 763 2416 cum
777 2363 834 2413 Ho-

143 2454 270 2498 tomano,
288 2456 318 2488 ex
339 2435 445 2504 uniuerso
465 2439 566 2505 populo.
591 2437 660 2486 Hanc
683 2435 835 2486 emendatio·

143 2530 204 2566 nens
220 2513 331 2578 flagitant
347 2513 439 2568 verba,
462 2528 514 2577 quae
530 2509 670 2575 sequuntur.

144 2609 151 2617 ·
186 2584 238 2646 285
253 2617 260 2642 ,
279 2598 319 2633 12.
334 2582 369 2632 Ue
382 2583 437 2632 mibi
449 2597 573 2639 renovatus
584 2580 627 2629 ille
638 2596 689 2629 tutus
700 2580 724 2629 in
737 2593 761 2628 te
770 2579 835 2630 W.

143 2658 282 2712 Turnebus
300 2657 361 2707 vidit
379 2651 421 2705 bic
440 2655 465 2705 in
483 2654 533 2705 mis.
553 2665 679 2703 vacantem
696 2662 774 2703 totam
792 2668 836 2718 pa-

142 2746 263 2860 ·gmlgl,
282 2814 326 2851 21.
347 2798 397 2850 Sed
412 2816 488 2849 temen
502 2815 531 2847 ne
547 2816 582 2847 me
601 2815 650 2847 cum
670 2796 705 2845 luis
720 2794 838 2864 principi-

143 2879 193 2930 bus
206 2908 213 2933 ,
226 2874 265 2941 qui
279 2870 364 2940 adsunt
377 2872 409 2922 P.
423 2869 527 2938 Sextio,
539 2868 584 2937 sed
600 2887 625 2920 ur
642 2886 715 2919 recum
725 2903 734 2925 ,
746 2870 836 2919 iumine

144 2943 598 3016 uno-impudentissimo1esque.infimu.
614 2943 650 2995 lta
666 2942 791 2994 Lambinus
806 2954 838 2994 ex
