2117 3942
190 374 272 451 514
416 351 648 421 ormo

190 473 320 545 bonore,
330 470 392 552 quis
402 467 507 531 nescit?
519 468 574 528 flos
585 469 665 529 enim
676 458 880 548 equitumRo·

192 573 367 626 manorum,
389 567 593 612 ornamentum
614 549 760 623 civitatis,
779 549 879 612 firma·

192 650 324 692 mentum
340 633 527 711 reipublicae,
540 627 764 709 publicanorum
778 633 878 694 ordine

193 716 368 774 continetur.
391 713 470 792 Quis
493 709 534 772 est
552 711 668 792 igitur,
691 712 740 791 qui
765 732 803 772 ne
824 730 853 772 et
867 758 881 788 ,v

193 793 302 852 ordinis
319 791 380 872 ejus
397 793 519 853 studium
532 787 611 850 fuiile
625 792 654 849 in
670 790 786 850 honore
796 733 877 852 ilan-

192 875 229 933 cii
244 874 407 956 singulare?
422 892 516 954 neque
530 868 648 958 injurii:
660 871 711 930 uel
726 873 875 953 quoderat

191 972 276 1036 pater
294 957 339 1028 is,
354 958 402 1036 qui
418 953 460 1015 est
510 955 609 1031 inceps
622 952 734 1025 jamdiu
753 952 875 1032 publica·

191 1056 318 1107 uorum;
336 1036 384 1095 vel
404 1036 462 1116 qub
500 1035 523 1092 is
542 1032 579 1091 ab
601 1029 685 1090 sociis
702 1033 790 1092 unice
813 1034 874 1093 dili·

191 1117 313 1197 gebatur
323 1136 336 1190 3
348 1116 397 1176 vel
433 1115 493 1174 ubd
506 1112 723 1194 diligentissime
739 1113 872 1253 ropabam

192 1196 242 1256 vel
263 1199 328 1277 quia
347 1218 402 1277 pro
413 1137 481 1256 llio
505 1191 682 1274 supplicabat
701 1213 711 1264 ;
737 1213 777 1254 ve
812 1197 874 1275 quia

191 1274 275 1352 hujus
289 1278 377 1356 ipsius
391 1277 420 1336 in
433 1278 516 1336 illum
532 1273 667 1333 ordinem
684 1271 799 1333 summa
814 1273 874 1335 offi-

190 1358 234 1414 cia
250 1355 395 1437 quaesturae
414 1400 423 1430 ‚
445 1352 658 1434 tribunatusque
681 1353 870 1426 constabant3

189 1436 240 1496 vel
257 1438 335 1516 quod
357 1436 397 1496 illi
416 1437 446 1495 in
463 1437 519 1495 hoc
539 1434 671 1494 ornando
692 1435 830 1496 ordinem
845 1435 874 1495 se

190 1536 321 1592 ornare,
340 1517 373 1578 dt
397 1515 546 1577 consulere
566 1515 663 1575 liberis
681 1513 738 1575 suis
756 1518 869 1577 arbitra·

186 1597 301 1656 bantur.
798 1634 801 1639 -

228 1674 267 1737 X.
288 1676 407 1759 Aliquid
424 1673 590 1758 preterea(
605 1673 706 1734 titnidd
725 1675 812 1748 dico,
824 1674 872 1737 sed·

188 1772 291 1818 tamen
314 1758 469 1820 dicendum
489 1755 555 1838 cst)
570 1771 631 1816 non
652 1758 734 1816 enim
753 1757 890 1838 opssius‚.·

185 1859 245 1898 non
262 1838 404 1900 invidiosi
418 1838 527 1921 gratia,
543 1859 602 1897 non
617 1838 751 1917 potentii
767 1841 817 1898 vix
829 1836 868 1897 fe·

185 1920 294 1992 rendi,
305 1919 354 1981 sed
366 1921 646 1980 commemoratione
655 1917 809 1989 beneficii,
823 1917 868 1977 sed

186 1999 380 2078 misericordiis
389 2046 398 2074 ,
409 1999 458 2061 sed
468 2000 600 2080 precibus
609 1997 717 2078 aliquid
728 1999 869 2058 attulimus

187 2083 275 2139 etiam
293 2103 347 2141 nos
367 2101 374 2140 ι
396 2102 412 2140 a
435 2081 542 2161 pellavi
563 2079 706 2160 populum
718 2114 730 2151 ,-
744 2080 867 2139 tribubus

185 2158 301 2220 submisi
319 2181 387 2233 me,
464 2161 637 2241 supplicavi:
652 2159 736 2219 ultro
755 2160 872 2220 meher-

184 2239 263 2298 cules
277 2240 306 2300 se
324 2242 392 2300 milii
411 2243 497 2301 etiam
512 2239 690 2310 offerentes,
709 2239 788 2300 ultro
804 2242 870 2320 pol·-

182 2319 304 2414 licentes
317 2323 439 2402 rogavi:
452 2322 543 2380 valuit
554 2341 638 2380 causa
648 2320 792 2402 rogandi,
810 2341 871 2380 non

206 2416 285 2461 ratra.

185 2421 204 2484 g
222 2499 271 2562 25.
286 2477 371 2552 Nec,
391 2478 416 2538 si
432 2482 477 2540 vir
494 2480 709 2561 amplissimus,
733 2482 779 2540 cui
798 2480 868 2540 nihil

182 2561 243 2635 est,
262 2561 343 2643 quod
361 2563 477 2642 roganti
496 2561 626 2622 concedi
637 2558 701 2638 jure
722 2582 785 2620 non
799 2582 867 2642 pos-

182 2645 237 2715 sit,
258 2644 294 2702 de
313 2641 429 2722 aliquo,
447 2660 478 2702 ut
495 2642 587 2712 dicis,
606 2663 671 2701 non
688 2643 869 2720 impetravit,¹

182 2721 485 2865 igimsmll‘iiiiii’
499 2720 865 2884 ‘lliimirliifgidiff

182 2896 220 2943 eu
239 2879 427 2961 laborabam,
447 2888 497 2966 qui
505 2884 622 2949 ualebat
638 2882 767 2965 ipseper
783 2882 842 2945 sese
851 2903 867 2958 3·
