2117 3942
249 394 327 468 4¹2
426 373 699 442 ⁵0nnr'to

248 506 298 549 me
316 500 432 567 propter
448 484 686 546 benevolentiam
701 483 777 543 sorte
790 480 929 556 fallebat,

248 572 325 626 ratio*
340 568 370 625 ὃ(
388 567 472 625 bonis
489 568 595 624 artibus
613 564 755 636 instituta,
769 565 801 624 &
813 566 884 624 cuti
901 567 933 626 &

247 646 350 728 vigiliis
367 646 525 704 elaborata.
546 646 636 725 Atqui
654 644 777 716 scitote,
795 643 811 704 J
814 646 932 718 udices,

247 745 296 788 eas
314 726 484 802 cupiditates
501 769 512 796 ,
530 746 593 805 quae
613 723 787 801 objiciuntur
810 723 933 797 Coelio,

246 825 339 886 atque:
348 806 408 864 haec
422 804 533 876 studia,
550 804 702 885 dequibus
719 802 855 882 disputo,
870 825 932 864 non

247 886 333 947 facile
352 889 381 944 in
400 884 507 945 eodem
527 885 645 944 homine
665 881 721 943 effe
743 882 837 962 poffe.
860 884 935 944 Fieri

248 968 327 1028 euim
347 985 408 1024 non
421 963 517 1045 potest
527 1009 537 1036 ‚
547 982 578 1022 ut
597 966 707 1022 animus
722 961 835 1022 libidini
851 963 935 1023 dedi·

249 1064 315 1117 tus,
335 1065 435 1121 umore
445 1090 456 1116 ,
476 1043 640 1113 desiderio,
653 1041 813 1122 cupiditate
826 1087 836 1116 ,
857 1041 933 1124 saepe

250 1126 338 1186 nunizi
356 1127 462 1204 cupii,
484 1124 584 1205 inopiti
601 1127 688 1183 etiam
713 1142 933 1204 nonnumquam

249 1205 424 1286 impeditus,
442 1204 520 1276 hoc,
539 1203 677 1284 quidquid
694 1200 757 1274 est,
778 1203 860 1284 quod
880 1224 933 1264 nos

249 1287 416 1346 facimusin
434 1283 583 1357 dicendo,
605 1305 665 1343 non
683 1283 775 1341 modo
796 1282 933 1364 agendo,

249 1366 453 1428 verumetiam
470 1363 626 1445 cogitando
643 1363 734 1442 possit
748 1361 893 1423 sustinere.

258 1480 263 1489 ·
293 1445 342 1518 46.
368 1443 417 1502 An
442 1463 498 1502 vos
523 1443 607 1501 aliam
622 1441 748 1501 ¹causam
766 1441 823 1502 esse
846 1443 934 1502 ullam

249 1526 379 1605 putatis,
400 1533 450 1580 cu'r
467 1566 476 1593 ,
495 1524 628 1581 intentis
648 1524 770 1602 praemiis
791 1523 936 1603 eloquen-

250 1606 323 1676 tie,
342 1618 420 1661 tanta
438 1601 588 1681 voluptate
612 1601 752 1673 dicendi,
771 1618 852 1661 tanta
872 1604 936 1661 lau·

253 1683 313 1753 de,
335 1697 412 1740 tanta
427 1685 535 1763 gratia,
553 1698 636 1740 tanto
654 1682 787 1753 honore,
800 1699 862 1741 tam
880 1686 935 1742 sint

253 1764 357 1844 pauci,
376 1760 547 1843 semperque
563 1760 689 1835 fuerint,
708 1764 758 1842 qui
772 1764 802 1820 in
819 1762 876 1820 hoc
895 1763 937 1822 ln·

253 1845 327 1904 bote
339 1841 506 1902 versentur?
520 1840 759 1901 obterendaesunt
769 1863 874 1902 omnes
884 1865 937 1902 vo·

252 1926 377 2004 luptntes
391 1944 399 1995 3
416 1923 602 2004 relinquenda
615 1921 703 1980 studia
717 1915 934 1995 delediationi's‚

254 2004 387 2065 Iudices:
407 2003 512 2076 ludus,
529 2001 611 2081 jocus
628 2047 638 2074 ‚
664 2005 855 2075 convivium,
877 2003 936 2062 set-

254 2104 306 2143 mo
326 2081 366 2142 est
380 2103 456 2161 pene
474 2083 652 2142 familiarium
667 2080 856 2141 deserendus:
913 2105 935 2140 ae

253 2183 300 2220 res
319 2165 347 2219 in
366 2163 423 2221 hoc
442 2180 549 2242 genere
568 2164 700 2222 homines
712 2183 729 2220 a
743 2103 919 2233 inhonesti

255 2242 363 2318 diuque
380 2241 494 2300 dicendi
509 2243 655 2312 deterret3
670 2263 730 2300 non
743 2243 803 2321 qui>
821 2259 872 2301 aut
889 2244 935 2301 in·

256 2326 340 2403 genia
354 2318 509 2392 deficiant,
527 2339 576 2379 aut
587 2322 722 2380 dodirina
737 2323 864 2400 puerilis.

258 2433 262 2440 ·
297 2419 346 2475 47.
373 2399 422 2459 An
439 2401 504 2471 hic,
525 2401 548 2456 si
567 2399 624 2460 sese
641 2401 682 2460 isti
698 2405 765 2460 vitae
787 2400 936 2474 dedisset,

258 2479 434 2541 consularem
460 2480 609 2540 hominem
633 2481 792 2541 admodum
813 2481 934 2542 adoles·

257 2583 325 2622 cens
345 2565 371 2620 in
388 2560 524 2638 judicium
539 2561 717 2622 vocavisset?
737 2562 802 2632 hie,
817 2564 841 2619 si
854 2563 935 2621 labo·

257 2663 320 2702 rem
332 2641 462 2723 fugeret,
478 2644 502 2699 si
520 2641 665 2702 obstridius
679 2641 876 2721 voluptatibus
890 2660 933 2701 te·

258 2740 393 2794 neretut,
409 2725 437 2780 in
455 2722 509 2780 hac
527 2726 588 2782 acie
606 2723 737 2801 quotidie
753 2721 930 2781 versaretur?
950 2761 953 2766 -

258 2816 409 2884 appeteret
431 2801 620 2862 inimicitias?
643 2804 672 2862 in
686 2801 824 2880 judicium
845 2822 931 2860 voca·

259 2879 326 2937 ret?
345 2880 448 2941 subiret
468 2884 623 2962 peneulum
644 2880 775 2965 capitit?
800 2881 864 2962 ipso
888 2882 930 2940 in·
