2117 3942
191 356 257 444 14·
361 333 473 412 ΟΜ
491 355 588 413 τιο
625 337 653 412 I.
726 373 728 376 >

186 474 218 517 te
236 457 340 516 domus
356 479 422 520 mea
440 459 643 540 diripiebatur,
659 452 778 520 ardebat
791 481 798 521 :
811 453 864 522 bd·

86 543 89 552 ’
186 557 225 596 na
246 537 283 596 ad
304 539 432 599 vicinum
455 537 599 599 consulem
622 537 659 599 de
677 539 787 602 Palatio
799 562 809 616 ;
827 542 866 601 de

186 613 351 677 Tusculano
367 621 405 679 ad
421 623 493 680 item
508 622 637 680 vicinum
652 621 773 682 alterum
791 644 868 682 con-

185 696 274 757 sulem
292 698 513 761 deferebantur:
526 721 635 781 quum,
649 701 749 762 iisdem
769 706 867 782 operis

186 776 348 877 suffragium
371 780 553 855 ferentibus,
575 781 683 842 eodem
709 782 867 863 gladiatore

187 858 280 919 latore
291 859 317 934 '‚·‘
329 881 423 922 vacuo
450 881 511 922 non
534 862 627 922 modo
645 885 661 921 a
684 858 795 937 bonis,
817 863 867 923 sed

188 938 275 999 etiam
294 962 310 1000 a
325 941 442 1015 liberis,
457 958 544 1037 atque
560 944 637 1001 inani
656 942 747 1016 foro,
766 947 868 1026 ignaro

186 1017 447 1104 pdpuid‘Romano
478 1023 527 1082 urd
538 1041 690 1105 ageretur,
703 1021 870 1084 senatu've·

188 1102 256 1176 τὸρ
279 1096 372 1184 p'reffo
390 1104 452 1164 &a
484 1101 562 1177 ido,
578 1103 690 1163 duobus
707 1107 801 1184 impiis
815 1125 869 1166 ne-

188 1122 318 1262 fariiddue
329 1184 511 1256 consulibus,
529 1187 658 1245 aerarium
671 1186 869 1266 ‚provinciae,

188 1262 337 1344 legiones,
354 1265 475 1346 imperia
492 1265 685 1324 donabantur.

231 1340 333 1405 VIII.
365 1343 481 1404 Horum
510 1344 658 1420 consulum
686 1344 779 1404 ruinas
811 1362 871 1404 vos

191 1422 333 1484 consules*
347 1423 440 1503 vestri
462 1426 570 1487 virtute
595 1423 733 1498 fulsistis,
760 1422 871 1505 summai

189 1503 369 1577 tribunorum
387 1506 497 1587 plebis,
512 1522 728 1587 praetorumque
744 1503 823 1578 fide,
840 1507 872 1565 δι

191 1582 338 1678 diligenti&
350 1584 498 1646 sublevati.
519 1585 602 1666 Quid
616 1606 671 1669 ego
688 1587 725 1646 de
737 1583 873 1667 praestan·

191 1665 301 1724 tissrmo
320 1662 384 1726 'viro
402 1665 441 1726 T.
456 1667 581 1742 Annio,
599 1665 717 1726 dicam?
738 1685 786 1727 aut
809 1669 875 1751 quid

192 1742 229 1803 de
247 1745 295 1804 tali
308 1743 371 1807 cive
384 1746 551 1829 satis'digne
564 1764 701 1829 umquam
713 1746 874 1836 loquetur?

232 1824 347 1908 iquiam'
358 1827 491 1898 videret,
512 1825 680 1888 sceleratum
695 1831 810 1903 civem,
824 1843 876 1887 aut

214 1904 382 1968 om'esticum
403 1911 498 2004 potids
511 1907 648 1982 hostem,
660 1911 682 1968 si
699 1909 812 1992 iegibus
831 1909 874 1967 uti

191 1985 432 2068 ficeret,judic10
455 1987 511 2050 effe
526 1985 736 2073 frangendum:
759 1992 802 2048 sin
815 1985 874 2070 ipsa

191 2065 297 2152 judicia
313 2073 358 2128 vis
367 2071 522 2150 impediret
535 2092 568 2130 ac
577 2066 712 2144 tolleret,
726 2069 877 2130 audaciam

191 2147 321 2223 virtute,
337 2146 466 2211 furorem
480 2148 647 2212 fortitudine
658 2195 668 2224 ‚
679 2151 876 2227 temeritatem

193 2228 333 2302 consilio,
355 2250 474 2309 marium
495 2252 604 2306 manu,
627 2233 689 2308 vim
706 2233 736 2291 vi
755 2226 811 2291 effe
830 2230 877 2289 sur·

192 2309 370 2388 petendam
384 2312 479 2392 primd
491 2312 528 2373 d'e
539 2314 569 2389 vi
580 2309 748 2394 postulavit:
765 2308 878 2392 postea·

194 2410 281 2471 quam
299 2388 337 2450 ab
354 2394 463 2454 eodem
479 2390 585 2473 judicia
592 2391 700 2452 diliiata
712 2390 769 2452 effe
781 2390 877 2464 vidir3

193 2490 232 2532 ne
249 2469 298 2534 ille
321 2477 420 2535 omnia
437 2476 467 2536 vi
480 2470 574 2556 posset
592 2471 728 2546 efficere,
742 2472 874 2532 curavit:

195 2555 244 2631 qui
263 2552 384 2629 docuit,
407 2575 502 2638 neque
516 2554 592 2616 tedia
601 2600 613 2628 ‚
632 2573 727 2636 neque
744 2550 876 2631 templa,

195 2650 291 2714 neque
305 2634 422 2712 fotum,
436 2655 532 2719 neque
546 2635 673 2709 curiam,
687 2635 748 2693 sine
766 2630 878 2692 summa

194 2713 320 2792 virtute,
337 2738 371 2776 ac
385 2719 514 2778 maximis
528 2737 548 2775 ο
569 2715 772 2796 iiius&copiis
788 2714 826 2800 ah
835 2715 881 2772 in·

195 2790 299 2858 festino
320 2793 473 2861 latrocinio
490 2818 530 2879 po
555 2816 572 2859 e
592 2796 799 2877 defendiz'qui
817 2795 879 2876 pri·
