2117 3942
85 1124 91 1269 ι

164 442 235 494 mr
261 425 560 494 Auusrrcvrr
583 425 723 498 Rasa.
755 449 827 526 ¹73

133 541 250 598 virtute
270 535 412 676 perfrzpit
449 537 573 600 obseffus
589 539 629 600 est
646 543 704 622 ipse
722 544 828 621 domi3

139 638 249 700 meque
262 638 352 677 noun
384 619 412 678 la
426 621 627 702 imperitorum
637 626 697 682 vitu
719 629 829 687 eratio-

141 718 177 759 ne
194 697 362 758 timiditatis
381 719 477 771 meae,
498 701 620 760 consilio
637 702 668 761 δι
698 704 761 764 abio
773 705 826 767 suo

140 778 295 839 liberavit:
314 797 400 852 nam,
415 782 438 838 si
451 778 510 840 Cn.
528 779 690 861 Pompeio,
702 787 765 845 viro
777 786 827 846 uni

144 861 274 919 omnium
291 855 474 934 fortissimo,
491 862 665 941 quicumque
677 867 733 922 nati
744 864 824 940 sunt,

143 937 276 999 miserum
292 941 386 1020 magis
401 938 475 1012 fuit,
497 941 585 1021 quim
599 957 683 1022 turpe
699 986 710 1013 ,
727 965 828 1025 quarn*

146 1018 190 1078 diu
212 1019 262 1079 ille
282 1018 415 1078 tribunus
438 1020 532 1102 plebis
555 1019 627 1092 fuit,
650 1021 744 1082 lucem
764 1044 826 1085 non

148 1097 310 1178 adspicere,
326 1118 426 1159 carere
440 1100 575 1179 publico,
587 1102 679 1159 minas
693 1099 754 1179 ejus
764 1102 832 1182 pe'r·

148 1177 237 1252 ferre,
250 1198 344 1258 quum
360 1181 389 1238 in
402 1179 593 1239 concionibus
610 1180 738 1253 diceret,
751 1182 830 1244 veile

149 1257 175 1318 ie
189 1261 216 1316 iu
234 1257 351 1319 Carinis
367 1256 509 1320 edificare
524 1259 643 1319 alteram
657 1261 825 1341 porticum,

222 1336 336 1398 Palatio
351 1337 539 1420 responderet
549 1360 558 1412 ;
569 1340 646 1400 certe
660 1341 729 1400 mihi
747 1344 829 1404 exire

168 1439 234 1477 omo
260 1418 356 1492 med,
381 1419 418 1479 ad
441 1421 587 1500 privatum
615 1419 751 1481 dolorem
774 1420 830 1482 fuit

85 1502 88 1507 '
151 1497 327 1581 luduosum,
350 1498 389 1558 ad
409 1502 549 1561 rationem
568 1501 731 1581 reipublicae
757 1502 828 1585 glo-·

152 1571 259 1639 ciosum.

185 1657 318 1718 XXIV.
341 1657 458 1719 Videtis
476 1659 582 1740 igitur,
598 1660 749 1722 hominem
773 1678 828 1743 per

151 1736 263 1819 seipsum
287 1736 463 1818 jampridem
484 1737 645 1812 afflibium,
671 1762 704 1800 ac
727 1739 828 1819 jacen-

151 1835 224 1892 tem,
238 1820 408 1899 perniciosis
420 1821 603 1898 optimatium
617 1819 761 1880 discordiis
773 1841 830 1882 ex·

152 1901 244 1972 citari;
266 1897 348 1977 cujus
366 1899 446 1958 initia
463 1897 567 1958 furoris
577 1924 588 1970 ·,
610 1899 828 1961 dissensionibus

153 1999 266 2051 eorum,
282 1981 329 2060 qui
344 1996 406 2038 tum
420 2001 437 2038 a
452 1977 539 2037 vobis
551 1977 668 2053 sejuniii
685 1981 830 2039 videban-

151 2075 209 2134 tur,
223 2058 374 2120 sustentata
385 2059 457 2119 sunt.
478 2056 601 2138 Reliqua
615 2057 674 2136 jam
692 2063 828 2141 praecipi·

152 2142 230 2199 tantis
248 2139 428 2213 tribunatius,
448 2141 536 2197 etiarn
553 2137 617 2219 post
633 2141 828 2216 tribunatum,

153 2221 356 2280 obtreuatores
376 2240 499 2289 eorum,
514 2237 600 2300 atque
616 2220 764 2280 adversarii
775 2222 829 2283 de·

153 2298 317 2360 fenderunt:
336 2319 374 2358 ne
390 2322 407 2358 a
422 2299 568 2378 republica
582 2302 745 2381 reipublice
755 2323 827 2381 pes·-

153 2381 425 2450 ammoveretur,
444 2377 603 2440 restiterunt
622 2402 629 2439 ε
653 2385 768 2453 etiam,
789 2401 829 2440 ne

155 2458 257 2518 causam
278 2461 406 2520 diceret:
426 2462 533 2533 etiam,
549 2465 727 2539 neprivatus
745 2457 829 2520 esset.

155 2535 278 2599 Etiamne
297 2543 327 2599 in
345 2542 409 2598 sinu
429 2557 514 2620 atque
532 2543 561 2599 in
580 2541 687 2598 deliciis
711 2539 831 2618 quidam

156 2622 249 2698 optimi
265 2622 321 2680 viri
336 2621 469 2698 viperam
481 2620 560 2678 illam
576 2633 774 2688 venenatam,
793 2638 828 2677 ac

155 2698 308 2776 pestiferam
321 2699 430 2760 habere
445 2698 623 2779 potuerunt?
638 2718 697 2778 quo
710 2697 829 2759 tandem

156 2778 261 2860 decepti
280 2777 430 2840 munere?
452 2778 556 2849 Volo,
575 2778 706 2915 inpuiunt
724 2775 829 2851 ,·effe‚
912 2835 916 2843 ,

156 2861 195 2936 qui
207 2863 236 2920 in
248 2862 397 2922 concione
412 2857 544 2918 detrahat
554 2857 591 2916 de
625 2859 753 2937 ompeio.
764 2857 830 2919 De·

153 2939 234 3006 uehat
250 2942 301 3004 ille
320 2938 516 3021 vituperando
534 2938 545 2999 i
568 2937 672 3078 Velirp1
682 2941 752 3031 {fic
769 2940 827 3000 hoc

691 3039 721 3098 11]
