2117 3942
556 287 715 381 456
884 298 895 307 ·
1004 286 1459 359 ΟκΑτιο

550 398 844 464 beneficiis
877 397 1108 461 affectus
1147 404 1253 462 sim
1277 447 1296 476 ,
1339 406 1509 464 tantis
1556 401 1926 473 honoribus;

546 502 670 543 nun
705 480 887 541 modb
922 481 1078 541 illam
1107 481 1489 545 calamitatem
1520 481 1634 545 esse
1666 504 1791 542 non
1820 484 1926 541 du·

546 582 659 623 co:
688 560 785 621 sed
806 605 827 631 ,
870 561 916 619 si
952 561 1091 642 quid
1134 562 1274 621 mihi
1316 564 1508 644 potest
1552 587 1584 624 a
1630 563 1923 643 republica

545 639 662 702 esse
689 639 1003 719 sejunstutn
1024 687 1043 712 ,
1078 643 1239 722 quod
1260 645 1359 703 vix
1435 643 1623 714 otest3
1654 645 1921 723 privatim

546 722 623 782 ud
665 741 862 782 meum
912 742 1131 782 nomen
1180 667 1552 804 augendum,
1600 721 1923 801 optandam

547 802 698 861 duco
741 802 897 887 mihi·
929 800 1091 862 fuiffe
1144 803 1300 862 illam
1325 848 1345 877 ,
1399 803 1921 885 expetendamque

550 881 867 944 fortunam.
1651 924 1658 929 -

554 986 559 993 ·
636 981 731 1043 33.
779 962 1015 1043 Atque,
1061 978 1126 1022 ut
1164 977 1325 1021 tuum
1367 962 1726 1023 laetissimum
1768 961 1917 1022 diem

544 1064 675 1105 cum
697 1041 1007 1103 tristissimo
1030 1063 1170 1102 meo
1194 1042 1494 1102 conferam
1518 1089 1537 1119 ,
1575 1046 1768 1103 utrum
1787 1058 1911 1100 tan·

546 1124 686 1186 dem
724 1126 884 1183 bono
924 1126 1053 1182 viro
1095 1123 1159 1182 &
1196 1119 1433 1202 sapienti
1470 1124 1785 1204 optabilius
1807 1140 1914 1202 pu-

544 1222 634 1263 tas
657 1248 676 1277 ‚
712 1206 791 1263 sic
819 1204 974 1262 exire
1011 1224 1042 1260 a
1080 1205 1260 1281 patria
1279 1247 1296 1275 ‚
1324 1219 1388 1261 ut
1420 1224 1640 1264 omnes
1661 1202 1741 1262 sui
1765 1204 1911 1261 cives

542 1282 779 1344 salutem
802 1326 819 1355 ‚
852 1281 1303 1341 incolumitatem
1329 1327 1349 1355 ‚
1386 1283 1644 1344 reditum
1667 1301 1912 1364 precen-

544 1380 677 1434 tur,
724 1362 884 1440 quod
939 1361 1077 1419 mihi
1131 1361 1337 1421 accidit
1371 1384 1390 1434 3
1426 1385 1545 1438 an,
1602 1362 1768 1445 quod
1816 1362 1910 1420 tibi

536 1439 915 1522 proficiscenti
938 1443 1137 1500 evenit
1158 1485 1177 1512 ,
1213 1460 1276 1500 ut
1303 1462 1515 1503 omnes
1545 1442 1911 1504 exsecraren-

536 1538 632 1580 tur
656 1565 678 1591 ,
730 1521 879 1580 male
921 1539 1338 1601 precarentur,
1381 1543 1561 1581 unam
1605 1523 1713 1581 tibi
1762 1521 1905 1579 illam

537 1602 693 1659 viam
741 1602 805 1661 ὃ(
889 1620 1187 1682 erpetuam
1225 1599 1343 1661 esse
1395 1602 1672 1661 vellent?
1723 1600 1900 1670 Mihi,

534 1680 760 1741 medius
779 1679 817 1740 fi
860 1684 940 1739 ius
962 1725 981 1753 ,
1013 1683 1072 1739 in
1096 1696 1262 1739 tanto
1283 1683 1553 1739 omnium
1581 1681 1899 1740 mortalium

530 1761 716 1831 odiu,
750 1759 897 1839 justo
928 1759 1239 1842 praesertim
1285 1760 1351 1818 &
1389 1759 1601 1818 debito
1627 1805 1647 1832 ‚
1700 1758 1901 1839 quaevis

508 1838 667 1919 ofuga
704 1843 892 1918 potius
919 1883 938 1914 ,
993 1839 1170 1920 quam
1208 1839 1324 1897 ulla
1375 1841 1695 1919 provincia
1718 1883 1738 1912 ,
1779 1834 1900 1897 effet

535 1923 810 1996 optatior.

610 1995 761 2056 XV.
800 1998 913 2058 Sed
956 2017 1141 2078 perge
1177 1997 1403 2077 pot-rb:
1446 2018 1590 2056 nam
1615 2041 1635 2069 ,
1683 1997 1731 2054 si
1773 1990 1899 2054 illud

524 2091 724 2134 meum
753 2078 1299 2136 turbulentissimum
1329 2094 1573 2156 tempus
1593 2074 1901 2157 profeffio-

521 2152 610 2206 nis
625 2193 646 2220 ,
662 2168 766 2212 tuo
784 2158 1250 2234 tranquillissimo
1313 2155 1508 2214 raestat
1524 2200 1543 2226 ,
1561 2155 1705 2235 quid
1724 2151 1903 2212 confe-

518 2244 645 2284 ram
665 2233 914 2313 reliqua,
980 2255 1064 2293 uae
1090 2237 1148 2292 in
1173 2252 1234 2293 te
1300 2235 1580 2294 edecoris
1597 2235 1777 2314 plena
1795 2232 1904 2290 fue·

512 2322 654 2366 runt
680 2354 701 2382 ,
740 2313 798 2371 in
822 2333 916 2373 me
984 2314 1285 2406 ignitatis?
1323 2314 1435 2374 Me
1466 2314 1760 2374 Kalendis
1785 2311 1902 2372 Jau.

502 2385 615 2466 qui
651 2390 775 2454 dies
799 2394 921 2474 pust
939 2393 1167 2453 obitum
1187 2438 1205 2465 ,
1223 2394 1630 2474 occasumque
1661 2392 1900 2452 nostrum

659 2474 851 2538 ablica
883 2474 1096 2554 primus
1129 2474 1322 2532 illuxit
1355 2518 1375 2546 ,
1408 2475 1892 2555 frequentissimus

643 2578 649 2579 ⁷
735 2582 759 2622 ,ε
799 2553 1068 2618 cuncutsu
1103 2550 1287 2611 Italiae
1313 2598 1336 2625 ,
1385 2555 1694 2615 referente
1737 2553 1881 2612 claris

719 2661 887 2722 atque
931 2634 1243 2695 fortissimo
1283 2636 1429 2692 viro
1459 2679 1480 2706 ,
1519 2634 1590 2694 P.
1634 2630 1871 2693 Lentule

683 2726 931 2790 emita-,me
956 2711 1153 2795 populi
1171 2710 1454 2772 Romani
1481 2734 1669 2796 atque
1690 2714 1804 2772 unii
1828 2733 1861 2771 v

632 2802 1001 2882 ,ffflffiffitz
1022 2810 1116 2850 me
1137 2789 1304 2849 idem
1331 2791 1582 2853 senatus
1611 2795 1851 2929 εκτετὶἑ*

1649 2894 1791 2932 tion·
1837 2892 1841 2900 ·
