2117 3942
242 337 293 409 80
381 367 385 374 ·
434 332 660 406 OnArro

239 450 339 512 servos
360 449 541 530 latronesque
564 447 717 532 gessisses,
737 451 837 510 nonne
859 445 925 510 fieri

203 601 209 609 ¹
240 542 355 612 poterat
367 559 382 604 ·‚
398 547 430 591 ut
467 531 558 610 opulo
578 530 616 589 de
635 527 749 609 Cyprio
771 550 840 612 rege
857 530 925 611 pla·

240 627 339 684 cerer,
356 611 442 674 deest
475 612 549 671 libus
565 608 730 689 Byzantinis
741 609 924 691 displiceret?

241 690 321 770 Quae
335 690 376 751 est
389 694 470 773 quasi
479 691 534 750 alia
549 691 612 763 vis,
625 709 689 770 quae
702 689 843 751 sententia
856 688 926 750 Cae·

239 771 360 832 ciliaele
382 773 404 831 is
421 773 453 832 &
471 769 587 843 Didia,
605 771 658 829 nisi
674 771 756 844 haec,
773 791 812 831 ne
826 791 926 851 popu·

239 851 273 913 lo
291 871 345 913 nec
386 872 403 912 e
419 853 498 912 sit'i'n
510 848 669 928 conjunslis
685 851 772 910 rebus
788 851 927 932 complu-

241 933 341 1004 ribus,
360 950 408 992 aut
423 932 475 1005 id,
494 931 575 1012 quod
593 931 687 1003 nolit,
702 934 834 1011 accipere
851 953 861 1004 3
876 947 926 991 aut

241 1013 297 1086 id,
317 1012 398 1094 quod
418 1012 511 1084 velit,
529 1009 703 1091 repudiare?
721 1011 805 1091 Quid
826 1014 850 1071 si
873 1031 926 1092 per

241 1095 305 1155 vim
325 1090 440 1153 tulisti?
460 1109 597 1154 tamenne
615 1091 667 1150 lesu
679 1088 720 1150 est
737 1091 750 1151 ἓ
772 1108 821 1152 aut
861 1091 928 1151 uid·

241 1194 330 1255 quam
345 1171 408 1252 jure
423 1171 534 1254 gestum
547 1171 639 1231 videri
652 1169 763 1250 potest,
779 1113 862 1254 quod
873 1193 927 1252 per

242 1257 304 1315 vim
324 1251 434 1335 gestum
456 1250 512 1312 effe
532 1248 672 1311 constet?
691 1273 749 1328 an,
771 1256 795 1312 si
813 1255 843 1311 in
866 1252 927 1333 ipsa¹

242 1333 352 1395 latione
377 1350 456 1406 tua,
485 1332 569 1412 captd
598 1328 658 1410 jam
689 1332 789 1405 urbe,
814 1333 926 1413 lapides

239 1411 310 1493 {aui
323 1459 334 1484 ,
346 1414 370 1472 si
385 1434 485 1472 manus
498 1411 604 1473 collata
620 1433 681 1470 non
698 1411 756 1486 est,
770 1413 881 1472 idcirco
896 1429 927 1471 tu

243 1494 283 1553 ad
298 1494 376 1553 illam
395 1495 512 1566 labem‚·
529 1509 616 1573 atque
637 1492 764 1553 eluviem
783 1496 927 1568 civitatis,

243 1577 307 1634 sine
335 1572 444 1633 summa
466 1575 497 1632 vi
519 1575 673 1654 pervenire
695 1572 834 1652 potuisti?

286 1652 381 1713 XXI.
402 1654 552 1733 Quum'in
568 1653 702 1711 tribunali
720 1652 842 1714 Aurelio
854 1675 928 1713 con·

243 1732 388 1794 scribebas
411 1734 507 1814 palam
531 1755 592 1793 non
610 1733 701 1792 modb
718 1734 855 1805 liberos,
878 1733 929 1792 sed

243 1816 332 1874 etiam
351 1814 472 1884 servos,
491 1833 528 1872 ex
550 1813 684 1872 omnibns
700 1814 771 1873 vicis
793 1816 929 1873 concita-

244 1908 293 1954 tos
304 1939 315 1966 ‚
327 1895 387 1954 vim
400 1911 461 1954 tum
470 1893 607 1954 videlicet
617 1915 676 1954 non
687 1893 805 1974 parabas
819 1913 930 1974 :quum

182 1980 184 1987 ’
244 1975 346 2036 edidis
364 1976 419 2036 tuis
440 1977 573 2035 tabernas
593 1974 687 2034 claudi
705 1971 846 2053 iubebas,
867 1995 930 2033 non

244 2050 307 2115 'uim
323 2058 463 2136 imperitae
482 2055 687 2128 multitudinis,
706 2054 756 2114 sed
775 2054 929 2114 hominum

243 2133 434 2195 honestorum
465 2134 662 2208 modestiam,
687 2133 930 2214 prudentiamque

245 2215 413 2294 quaerebas:
426 2235 524 2296 ‘quum
544 2237 622 2275 arma
639 2216 668 2273 in
686 2215 780 2274 aedem
802 2213 931 2275 Castoris

244 2294 469 2374 comportabas‚
484 2296 555 2355 nihil
570 2296 667 2368 aliud,
683 2297 736 2354 nisi
749 2296 791 2354 uti
804 2316 841 2355 ne
860 2295 931 2375 quid

244 2395 299 2456 per
318 2376 379 2436 vim
400 2378 444 2456 agi
461 2373 577 2456 posset,
597 2376 818 2436 machinabare:
841 2395 931 2454 quum

244 2456 319 2518 verb
330 2455 442 2596 Iqradus
463 2454 590 2516 Castoris
615 2455 776 2596 clmvellisti
796 2500 805 2529 ‚
828 2475 862 2514 ac
883 2476 930 2515 re·
975 2465 977 2468 ’

244 2539 328 2597 movi
353 2540 383 2609 i,
401 2528 483 2609 tum,
500 2552 531 2594 ut
548 2536 617 2595 mod
638 2535 678 2594 ste
692 2538 745 2596 tibi
760 2556 847 2618 agere
862 2534 932 2595 lice-

245 2634 291 2675 ret
301 2660 312 2689 ‚
323 2617 458 2677 homines
474 2615 598 2676 audaces
613 2616 649 2675 ab
663 2613 726 2695 ejus
735 2616 838 2696 templi
852 2615 931 2675 aditu

247 2711 334 2774 atque
353 2695 487 2758 adscensu
508 2695 653 2776 repulisti:
675 2717 765 2777 quum
785 2716 859 2768 eos,
881 2698 931 2776 qui

246 2776 275 2832 in
296 2795 443 2837 conventu
461 2780 590 2838 virorum
610 2777 757 2836 bonorum
779 2776 870 2836 verba
890 2776 929 2836 de

247 2852 336 2916 salute
344 2877 409 2918 mea
418 2857 563 2933 fecerant,
574 2855 668 2928 adesse
677 2855 780 2938 jussisti
789 2901 800 2932 ,
808 2876 929 2920 eorum·
