2117 3942
243 337 356 439 ³348.
472 271 689 413 olima
780 386 782 391 η
860 364 863 371 ·

246 455 347 535 fligant
367 471 374 511 ι
395 449 473 512 illam
500 453 578 511 enim
602 449 718 512 forratis
743 450 935 532 pertinaciam

241 532 391 604 nonnulli,
406 535 542 594 virtutem
555 532 601 592 alii
615 533 776 612 putabunt,
790 534 865 593 hanc
879 555 935 604 ve-

241 616 281 692 ¹tlt
293 614 473 693 iniquitatem
489 632 592 671 omnes
611 633 676 671 cum
690 612 785 692 aliqua
803 615 934 675 crudeli-

245 709 305 752 tate
322 690 515 770 conjunllant.
531 691 614 764 Sed„
629 695 652 759 si
669 710 815 752 certorum
833 694 933 757 homir-

186 785 191 796 '
242 793 314 836 rrum
332 791 446 833 mentes
465 771 541 834 nulli
558 776 673 840 'ratione
688 772 823 851 placare,
844 774 932 834 Judi-

243 874 318 926 ces,
348 850 517 933 possumus3
542 851 652 912 vestros
674 852 793 932 quidem
812 856 930 926 'animos

245 934 324 999 certe
349 931 543 1003 confidimus,
568 953 629 991 non
651 935 783 992 oratione
807 933 928 1015 nostrai,

243 1013 295 1078 sed
309 1014 486 1073 humanitate
502 1010 596 1073 vestri
613 1009 668 1071 effe
685 1013 828 1092 placatos.

238 1125 245 1159 ·.
286 1092 429 1153 XXVIII.
451 1092 534 1171 Quid
551 1095 627 1152 enim
644 1090 709 1164 est,
726 1113 776 1161 eur
791 1114 853 1152 non
869 1114 929 1174 po.-

245 1175 301 1234 tiits
321 1173 359 1233 ad
376 1173 514 1241 summam
535 1172 649 1240 laudem
669 1173 758 1245 huic,
783 1173 870 1252 quam
890 1174 928 1240 atl

243 1250 392 1315 minimam
422 1253 581 1326 fraudem,
609 1250 727 1312 Caesaris
754 1251 930 1314 familiaritas

236 1335 343 1396 -valere
362 1332 487 1394 debeat?
503 1335 644 1412 cognovit
659 1332 826 1401 adnleseens
841 1355 848 1392 ε
863 1334 929 1414 pla,-

244 1417 303 1477 cuit
314 1415 425 1474 homini
438 1413 660 1492 prudentissimo
674 1415 722 1472 :in
735 1412 844 1473 summa
856 1416 928 1473 ami·

234 1515 346 1553 eorum
365 1495 459 1573 inpia·
472 1514 537 1552 cum
557 1491 779 1552 familiarissimis
803 1492 865 1572 eius
886 1494 928 1564 est

236 1573 408 1654 ‚adaequatus
425 1576 455 1632 in
474 1589 595 1653 praetura
612 1594 619 1631 :
635 1574 665 1631 in
679 1572 831 1644 ‚consulatu
849 1597 928 1655 prae,-

238 1652 350 1722 ¹Ieilum
365 1652 618 1725 fabrirmdetulit,
634 1654 786 1726 consilium
795 1654 927 1725 hominis

230 1735 403 1815 ¹probavit,
423 1733 512 1794 fidem
531 1732 572 1793 est
589 1733 782 1813 complexus,
804 1733 926 1809 officia,

230 1814 510 1895 observantiamque
530 1814 655 1873 dilexit:
675 1813 728 1873 fuit
748 1816 794 1874 hic
815 1816 928 1876 multo·

231 1915 305 1955 rum
318 1896 359 1955 illi
372 1895 505 1957 laborum
516 1894 608 1953 socius
622 1894 776 1973 aIIquando
790 1916 801 1967 3
815 1894 855 1956 est
866 1895 927 1957 for.-

231 1973 309 2035 .talle
323 1998 398 2036 nunc
415 1975 624 2037 nonnullorum
633 1977 775 2054 particeps
794 1997 926 2036 commo·

241 2055 347 2116 dorum
360 2057 569 2137 :quaequidem
579 2057 603 2113 si
611 2054 676 2114 huic
689 2055 836 2116 obfuerint
846 2057 926 2135 apud

226 2182 229 2190 .
242 2156 297 2196 vos
310 2179 320 2209 ,
333 2158 393 2196 nnn
406 2136 558 2218 intelligo,
574 2135 652 2215 quod
664 2135 778 2206 bonum
791 2140 925 2216 cuiquam

219 2217 277 2283 ,sit
294 2216 370 2295 apud
384 2217 456 2276 tales
469 2219 548 2277 viros
563 2215 755 2295 profuturum.

280 2293 330 2368 64.
351 2294 410 2358 Sed
429 2298 566 2374 quoniam
584 2293 621 2356 C.
639 2293 734 2355 Caesar
753 2293 835 2355 abest
851 2296 922 2356 lon-

226 2374 379 2456 gissime,
395 2392 481 2455 atque
496 2377 525 2444 in
545 2377 578 2433 iis
597 2374 638 2434 est
653 2397 729 2447 nunc
746 2376 842 2451 locis,
859 2398 923 2456 quae

237 2459 388 2537 regione,
414 2455 518 2515 orbem
545 2472 712 2530 terrarum,
739 2457 826 2515 rebus
848 2458 922 2534 illius

237 2535 343 2616 gestis,
355 2537 508 2617 imperium
519 2536 620 2616 populi
631 2536 759 2596 Romani
769 2535 920 2605 deliniunt:

238 2616 355 2688 nolite,
376 2636 428 2697 per
455 2617 526 2676 deos
551 2617 727 2677 immortales
748 2617 756 2675 l
774 2616 891 2677 Ju'dices
905 2661 921 2689 s,

224 2694 312 2761 ,hunc
328 2698 367 2755 illi
380 2698 514 2757 acerbum
533 2699 664 2756 nuntium
682 2696 759 2767 velle
778 2697 922 2776 perferri,

231 2789 269 2838 -ttt
286 2775 365 2840 suum
381 2776 547 2861 praefestum
562 2776 699 2852 febrim,
717 2793 749 2838 ut
767 2777 923 2851 hominem

706 3019 714 3051 l
