2117 3942
195 324 247 417 56
409 319 629 389 orario

189 448 369 518 arrepturum
381 428 460 496 fuisse
472 435 509 494 ad
518 435 671 509 incendia,
683 435 794 496 caedem
805 482 815 512 ,
827 460 874 515 ra·

188 521 270 600 pinas
281 563 290 592 ‚
302 518 395 594 nolo,
411 513 589 591 Pontifices,
604 515 803 598 suspicemini,
820 512 874 579 nisi

186 598 326 662 videritis.

234 697 279 758 ¹3·
300 677 363 758 Qui
382 676 637 740 sunt'hotninesa
656 673 700 756 Q.
724 667 873 751 Metello,

186 753 274 820 fratre
292 768 366 833 tuo,
387 756 501 818 consule
515 758 568 830 ,in
588 757 685 832 senatu
702 757 799 838 palam
816 780 873 818 no·

136 848 139 854 ’
187 841 310 914 minati,
328 838 466 919 aquibus
485 837 534 898 ille
553 836 582 897 se
599 836 741 920 lapidibus
759 842 875 919 appeti·

185 935 270 994 tum,
287 921 375 980 etiam
391 915 551 999 percussum
568 915 625 978 esse
641 915 734 976 dixit?
749 909 785 977 L.
804 916 873 979 Ser·

186 1002 285 1083 glum,
301 1001 331 1060 &
349 997 392 1058 M.
410 998 537 1059 Lollium
549 999 721 1059 nominavit.
737 995 814 1076 Quis
829 997 870 1059 est

185 1075 238 1142 isle
253 1073 386 1141 Lollius?
423 1082 452 1138 ui
472 1081 533 1139 sine
554 1076 632 1138 ferro
655 1098 692 1139 ne
711 1097 788 1137 nunc
808 1080 874 1160 qui·

186 1160 258 1221 dem
277 1179 373 1221 tecum
390 1179 406 1219 e
441 1160 556 1239 :quite
574 1159 690 1219 tribuno
725 1157 797 1218 lehis
808 1204 818 1234 ,
831 1162 875 1218 ni·

186 1241 228 1302 hil
244 1240 281 1301 de
298 1261 346 1301 me
365 1238 481 1311 dicam,
498 1237 547 1298 sed
563 1241 611 1318 qui
625 1233 682 1298 Cn.
698 1179 874 1320 dompeium

184 1319 416 1381 interficiendum
426 1318 504 1398 depo
528 1316 874 1402 oscitQuisestSergius?

186 1403 313 1482 armiger
326 1397 457 1459 Catilinae
469 1442 479 1471 ,
492 1339 610 1478 (ἕρπον
622 1401 663 1458 tui
675 1401 806 1479 corporis
817 1445 826 1473 ,
839 1403 876 1459 si-

187 1479 282 1564 gnifer
306 1474 479 1552 seditionis,
503 1479 665 1542 concitator
691 1481 874 1540 tabernario-

188 1583 275 1632 rum,
292 1560 442 1623 damnatus
456 1555 621 1638 injuriarum
632 1605 644 1632 ‚
655 1557 820 1641 percussor,
831 1561 875 1620 la·

209 1641 326 1712 idator,
341 1638 399 1699 fori
413 1639 628 1719 depopulator,
642 1638 768 1700 obsessor
779 1644 875 1700 curiae.

186 1663 265 1794 llis,
286 1736 371 1803 atque
392 1717 556 1797 hujusmodi
577 1721 695 1781 ducibus
708 1741 822 1801 „quum
843 1737 876 1780 tu

181 1802 217 1861 'in
236 1806 359 1862 annonae
380 1802 498 1861 caritate
518 1803 548 1860 in
567 1800 696 1861 consules
712 1842 721 1873 ,
740 1803 769 1858 in
789 1799 885 1860 sena·¹

187 1899 273 1957 rutn,
288 1885 318 1942 in
338 1882 418 1942 bona
428 1888 442 1955 ,'
459 1879 645 1963 fortunasque
663 1879 874 1960 locupletium,

187 1982 241 2044 per
263 1961 375 2024 causai'n
399 1963 522 2044 inopum
542 1979 629 2043 atque
651 1962 875 2041 imperitorum,

187 2064 220 2104 re
243 2044 358 2111 entinos
368 2041 494 2123 impetus
505 2061 687 2121 comparares
700 2061 807 2120 :quum
821 2040 875 2100 tibi

189 2067 263 2190 saliis
279 2121 335 2182 esse
354 2123 382 2181 in
400 2124 462 2180 otio
478 2122 556 2180 nulla
572 2118 684 2200 posset:
705 2141 795 2200 quum
820 2120 876 2182 de-

187 2200 306 2283 speratis
325 2198 443 2263 ducibus
454 2191 648 2272 decuriatos,
664 2220 697 2258 ac
716 2198 876 2282 descriptos

187 2281 309 2345 haberes
320 2281 468 2341 'exercitus
482 2279 679 2360 perditorum:
693 2300 791 2341 nonne
805 2303 877 2361 pro·

186 2360 348 2424 videndum
362 2358 472 2435 senatui
487 2359 540 2420 suit
552 2405 562 2434 ,
576 2380 614 2421 ne
630 2361 658 2419 in
674 2360 748 2421 hanc
762 2379 876 2422 tantam

186 2444 340 2505 materiem
357 2439 504 2501 seditionis
522 2439 573 2501 ista
589 2439 700 2502 funesta
714 2440 762 2501 fax
778 2441 874 2502 adhae-

187 2522 337 2597 resceret?
358 2520 423 2580 Fuit
444 2523 529 2604 igitur
548 2521 627 2582 causa
649 2521 782 2603 capiendi
803 2524 876 2582 novi

189 2607 311 2666 consilii.
335 2600 445 2662 Videte
473 2623 579 2678 nunc,
608 2601 752 2665 fuerintne
778 2619 875 2684 partes

186 2700 261 2745 meae'
284 2705 361 2768 pene
383 2684 547 2766 praecipuae.

201 2822 206 2829 ,
229 2762 291 2824 Vl.
310 2765 412 2846 Quem
422 2779 484 2824 tum
500 2764 617 2846 Sergius
633 2764 682 2826 ille
694 2780 757 2824 tuus
769 2783 875 2844 ,quem

189 2843 318 2945 Lollius,
329 2863 419 2926 quent
431 2852 535 2912 ceterae
549 2843 644 2929 pestes
658 2847 688 2908 in
698 2844 892 2929 lapidatione-
