2117 3942
250 412 327 509 318
475 409 695 478 Onnrro

251 525 403 619 pulousur,
421 542 453 584 re
494 546 549 598 tn,
570 538 732 586 exterarum
751 522 903 583 nationum
924 536 935 598 3·

249 625 279 664 tn
297 602 429 664 universo
447 545 572 686 <iiiique
589 605 659 664 belii
676 601 760 681 jure,
775 625 809 662 ae
831 607 934 685 pacis:

250 685 305 744 nisi
320 683 413 760 forte,
430 707 494 766 quae
507 707 562 745 nos
575 684 639 744 libri
655 683 765 744 docent
782 687 812 742 in
830 685 935 762 umbra

251 766 285 824 δι
301 767 383 837 otio,
402 784 436 825 ea
452 765 511 827 Cn.
523 763 715 848 Pompeium,
729 783 828 845 neque
843 785 934 846 quum

249 842 460 925 requiesceret,
480 847 600 918 litterae3
623 864 737 925 neque,
759 865 850 924 quum
870 864 935 907 rem

251 930 367 1008 gereret'
376 968 386 997 ‚
399 945 446 986 res
461 925 526 1007 ipsae
546 925 653 985 docere
670 938 845 1004 potuerunt.-

296 1006 341 1064 16.
360 1004 459 1087 Atque
475 1023 506 1065 ut
522 1026 579 1088 ego
592 1003 702 1076 sentio,
717 1002 855 1078 ludices,
869 1025 934 1064 cau·

250 1083 280 1145 sa
304 1084 378 1145 dieta
398 1083 440 1146 est
456 1087 598 1167 temporis
618 1085 708 1166 magis
727 1081 811 1164 hujus
832 1085 934 1161 vitio,

250 1163 339 1245 quim
355 1165 496 1226 hominis:
517 1185 613 1248 neque
630 1184 686 1247 ego
705 1163 746 1225 de
758 1183 819 1227 taut
832 1165 874 1224 in*

251 1265 361 1336 genere
375 1243 475 1324 judicii
491 1246 572 1328 plura
586 1246 691 1305 dicam.
719 1241 767 1302 Est
784 1246 863 1304 enirn
899 1265 934 1303 u·

251 1346 297 1406 Jut
315 1325 401 1388 seculi
418 1325 498 1386 labes
511 1326 664 1407 quedam,
681 1324 715 1384 ,δι
730 1324 862 1397 macuia‚'
874 1327 935 1383 vir·

251 1409 305 1466 tuti
320 1405 471 1480 invidere,
490 1407 567 1468 velle
584 1404 676 1486 ipsum
689 1405 794 1464 florem
810 1403 936 1486 dignita·

251 1487 288 1546 tis
310 1485 475 1570 infringere.
497 1485 632 1560 Etenim,
656 1486 680 1543 si
698 1482 755 1545 Cn.
774 1483 937 1579 Pompeius

251 1565 356 1627 abhinc
376 1587 468 1627 annos
507 1569 553 1626 uin
575 1583 661 1626 entus
672 1563 780 1636 fuisset,
794 1566 819 1624 is
832 1586 900 1638 vrr,
918 1587 937 1630 a

273 1667 311 1707 uo
332 1646 444 1708 senatus
466 1588 682 1709 aioleicentulo
698 1690 708 1719 ,
726 1661 813 1726 atque
836 1646 937 1726 equite

250 1666 390 1789 Romano
412 1772 423 1802 ‚
448 1726 522 1808 saepe
546 1727 708 1788 communis
730 1724 824 1786 salutis
849 1727 936 1785 auxi-

251 1807 322 1870 lium
343 1805 515 1889 expetisset:
541 1806 620 1886 cujus
645 1826 690 1866 res
715 1804 801 1888 gestae
829 1824 937 1866 omnes

250 1906 371 1990 ὅμως,
383 1910 448 1949 tutu
461 1888 614 1949 clarissima
624 1885 764 1959 viiioria,
778 1886 855 1947 terri
873 1906 937 1944 nta-

251 1992 275 2031 rt
297 1991 334 2032 ue
356 1967 575 2052 peragrassent:
602 1964 683 2045 cujus
707 1983 766 2026 tres
795 1965 936 2047 triumphi

249 1991 340 2111 teies
354 2048 465 2123 effert,
481 2066 577 2110 totum
592 2047 694 2108 orbem
709 2062 849 2106 terrarum
865 2067 936 2107 nos·

250 2142 299 2189 tro
314 2131 439 2210 irnperio
453 2131 563 2191 teneri:
578 2148 665 2210 quem
681 2126 806 2208 populus
822 2126 936 2188 Roma·

249 2226 305 2267 uus
326 2211 515 2290 singularibus
531 2209 690 2269 honoribus
709 2205 891 2268 decoraffet:
911 2208 934 2267 si

250 2305 327 2345 nuuc
350 2289 428 2367 apud
452 2310 535 2359 vos,
560 2288 619 2362 id,
641 2287 721 2369 quod
744 2289 768 2347 is
794 2285 933 2365 feciffet,

249 2381 353 2426 contra
371 2366 466 2425 foedus
481 2366 587 2425 fufium
601 2368 761 2443 diceretur,
776 2370 840 2448 quis
852 2366 933 2427 audi·

249 2445 325 2509 ret?
350 2466 439 2508 nemo
461 2446 594 2526 profesti>
614 2469 622 2507 :
645 2469 724 2509 mors
742 2450 819 2508 enirn
844 2468 931 2529 quum

249 2526 422 2589 exstinriffet
437 2529 598 2600 invidiam,
615 2548 660 2591 res
677 2527 739 2608 ejus
756 2527 842 2610 gestae
860 2527 931 2589 sern-

249 2610 354 2705 piterni
380 2611 504 2668 nominis
526 2609 619 2690 glutiri
640 2609 808 2670 niterentur.
841 2606 931 2688 Cujus

249 2692 334 2823 ιέὶευτ
355 2690 449 2750 audita
462 2692 552 2750 virtus
569 2689 739 2748 dubitationi
756 2690 856 2749 lorum
870 2708 930 2748 nou

273 2785 352 2840 aret;
365 2768 449 2848 hujus
460 2769 602 2851 praesens,
617 2785 753 2851 experta,
766 2786 855 2850 atque
867 2788 930 2851 per·

249 2843 363 2928 spe6ia‚
378 2850 605 2910 obtrettatorum
619 2869 695 2911 voce
709 2849 850 2911 laedetur?

291 2925 372 2993 VII.
396 2929 541 2992 Ominum
565 2933 649 3013 igitur
675 2929 849 3012 Pompeium
870 2927 928 3010 jaut
