<?xml version="1.0" encoding="UTF-8"?>
<!DOCTYPE html PUBLIC "-//W3C//DTD XHTML 1.0 Transitional//EN"
    "http://www.w3.org/TR/xhtml1/DTD/xhtml1-transitional.dtd">
<html xmlns="http://www.w3.org/1999/xhtml" xml:lang="en" lang="en">
 <head>
  <title>
</title>
<meta http-equiv="Content-Type" content="text/html;charset=utf-8" />
  <meta name='ocr-system' content='tesseract 3.04.00' />
  <meta name='ocr-capabilities' content='ocr_page ocr_carea ocr_par ocr_line ocrx_word'/>
</head>
<body>
  <div class='ocr_page' id='page_1' title='image "./mtulliiciceroni06lallgoog_0040.png"; bbox 0 0 2117 3942; ppageno 0'>
   <div class='ocr_carea' id='block_1_1' title="bbox 187 379 618 475">
    <p class='ocr_par' dir='ltr' id='par_1_1' title="bbox 187 379 618 475">
     <span class='ocr_line' id='line_1_1' title="bbox 187 379 618 475; baseline -0.012 -22"><span class='ocrx_word' id='word_1_1' title='bbox 187 398 238 475; x_wconf 80' lang='lat'>52</span> <span class='ocrx_word' id='word_1_2' title='bbox 396 379 618 448; x_wconf 77' lang='lat' dir='ltr'>Ortmo</span> 
     </span>
    </p>
   </div>
   <div class='ocr_carea' id='block_1_2' title="bbox 174 491 905 2670">
    <p class='ocr_par' dir='ltr' id='par_1_2' title="bbox 174 491 872 1299">
     <span class='ocr_line' id='line_1_2' title="bbox 182 491 869 575; baseline 0.006 -23"><span class='ocrx_word' id='word_1_3' title='bbox 182 512 273 575; x_wconf 84' lang='lat' dir='ltr'>quum</span> <span class='ocrx_word' id='word_1_4' title='bbox 287 491 331 572; x_wconf 88' lang='lat' dir='ltr'>Q</span> <span class='ocrx_word' id='word_1_5' title='bbox 350 493 488 556; x_wconf 84' lang='lat' dir='ltr'>Metellus</span> <span class='ocrx_word' id='word_1_6' title='bbox 500 540 510 569; x_wconf 91' lang='lat'>,</span> <span class='ocrx_word' id='word_1_7' title='bbox 522 497 591 575; x_wconf 88' lang='lat' dir='ltr'>qui,</span> <span class='ocrx_word' id='word_1_8' title='bbox 608 513 697 575; x_wconf 91' lang='lat' dir='ltr'>quum</span> <span class='ocrx_word' id='word_1_9' title='bbox 713 512 796 563; x_wconf 84' lang='lat' dir='ltr'>meus</span> <span class='ocrx_word' id='word_1_10' title='bbox 813 495 869 556; x_wconf 55' lang='lat' dir='ltr'>iniae</span> 
     </span>
     <span class='ocr_line' id='line_1_3' title="bbox 186 571 872 649; baseline 0.004 -16"><span class='ocrx_word' id='word_1_11' title='bbox 186 577 276 633; x_wconf 83' lang='lat' dir='ltr'>micus</span> <span class='ocrx_word' id='word_1_12' title='bbox 289 571 357 639; x_wconf 76' lang='lat' dir='ltr'>ess&#39;et</span> <span class='ocrx_word' id='word_1_13' title='bbox 364 619 375 646; x_wconf 90' lang='lat'><strong><em>,</em></strong></span> <span class='ocrx_word' id='word_1_14' title='bbox 388 575 475 637; x_wconf 88' lang='lat' dir='ltr'>frater</span> <span class='ocrx_word' id='word_1_15' title='bbox 484 592 550 635; x_wconf 86' lang='lat' dir='ltr'>tuus</span> <span class='ocrx_word' id='word_1_16' title='bbox 560 621 570 649; x_wconf 91' lang='lat'>‚</span> <span class='ocrx_word' id='word_1_17' title='bbox 582 575 615 635; x_wconf 87' lang='lat'>&amp;</span> <span class='ocrx_word' id='word_1_18' title='bbox 627 572 790 635; x_wconf 70' lang='lat' dir='ltr'>dissensioni</span> <span class='ocrx_word' id='word_1_19' title='bbox 803 576 872 636; x_wconf 87' lang='lat' dir='ltr'>nos·</span> 
     </span>
     <span class='ocr_line' id='line_1_4' title="bbox 185 654 870 737; baseline 0.004 -23"><span class='ocrx_word' id='word_1_20' title='bbox 185 672 255 727; x_wconf 80' lang='lat' dir='ltr'>trae,</span> <span class='ocrx_word' id='word_1_21' title='bbox 266 655 299 714; x_wconf 89' lang='lat'>&amp;</span> <span class='ocrx_word' id='word_1_22' title='bbox 309 657 442 735; x_wconf 89' lang='lat' dir='ltr'>precibus</span> <span class='ocrx_word' id='word_1_23' title='bbox 454 659 509 726; x_wconf 86' lang='lat' dir='ltr'>tuis</span> <span class='ocrx_word' id='word_1_24' title='bbox 520 654 640 716; x_wconf 83' lang='lat' dir='ltr'>salutem</span> <span class='ocrx_word' id='word_1_25' title='bbox 652 677 684 716; x_wconf 86' lang='lat' dir='ltr'>ac</span> <span class='ocrx_word' id='word_1_26' title='bbox 697 655 870 737; x_wconf 85' lang='lat' dir='ltr'>dignitatem</span> 
     </span>
     <span class='ocr_line' id='line_1_5' title="bbox 185 733 871 815; baseline 0.009 -22"><span class='ocrx_word' id='word_1_27' title='bbox 185 750 283 798; x_wconf 86' lang='lat' dir='ltr'>meam</span> <span class='ocrx_word' id='word_1_28' title='bbox 299 735 484 815; x_wconf 81' lang='lat' dir='ltr'>praetuliffet‚</span> <span class='ocrx_word' id='word_1_29' title='bbox 501 756 549 796; x_wconf 90' lang='lat' dir='ltr'>me</span> <span class='ocrx_word' id='word_1_30' title='bbox 563 733 733 797; x_wconf 77' lang='lat' dir='ltr'>arceffereni</span> <span class='ocrx_word' id='word_1_31' title='bbox 747 738 777 806; x_wconf 82' lang='lat' dir='ltr'>in</span> <span class='ocrx_word' id='word_1_32' title='bbox 793 735 871 799; x_wconf 83' lang='lat' dir='ltr'>sena·</span> 
     </span>
     <span class='ocr_line' id='line_1_6' title="bbox 183 817 872 896; baseline 0.004 -23"><span class='ocrx_word' id='word_1_33' title='bbox 183 832 245 874; x_wconf 86' lang='lat' dir='ltr'>tum</span> <span class='ocrx_word' id='word_1_34' title='bbox 256 836 264 874; x_wconf 91' lang='lat'>:</span> <span class='ocrx_word' id='word_1_35' title='bbox 276 836 366 896; x_wconf 88' lang='lat' dir='ltr'>quum</span> <span class='ocrx_word' id='word_1_36' title='bbox 376 833 457 878; x_wconf 85' lang='lat' dir='ltr'>tanta</span> <span class='ocrx_word' id='word_1_37' title='bbox 468 817 623 892; x_wconf 77' lang='lat' dir='ltr'>multitudo</span> <span class='ocrx_word' id='word_1_38' title='bbox 637 817 743 887; x_wconf 80' lang='lat' dir='ltr'>civium</span> <span class='ocrx_word' id='word_1_39' title='bbox 756 832 816 876; x_wconf 89' lang='lat' dir='ltr'>tam</span> <span class='ocrx_word' id='word_1_40' title='bbox 827 838 872 893; x_wconf 72' lang='lat' dir='ltr'>re·</span> 
     </span>
     <span class='ocr_line' id='line_1_7' title="bbox 185 895 872 990; baseline 0.003 -35"><span class='ocrx_word' id='word_1_41' title='bbox 185 897 263 990; x_wconf 73' lang='lat' dir='ltr'>tenti</span> <span class='ocrx_word' id='word_1_42' title='bbox 283 895 380 958; x_wconf 73' lang='lat' dir='ltr'>‘officio</span> <span class='ocrx_word' id='word_1_43' title='bbox 401 897 451 958; x_wconf 90' lang='lat' dir='ltr'>suo</span> <span class='ocrx_word' id='word_1_44' title='bbox 473 917 521 958; x_wconf 91' lang='lat' dir='ltr'>me</span> <span class='ocrx_word' id='word_1_45' title='bbox 543 897 580 968; x_wconf 78' lang='lat' dir='ltr'>ad</span> <span class='ocrx_word' id='word_1_46' title='bbox 600 895 781 972; x_wconf 71' lang='lat' dir='ltr'>referendam</span> <span class='ocrx_word' id='word_1_47' title='bbox 803 918 872 979; x_wconf 85' lang='lat' dir='ltr'>gra·</span> 
     </span>
     <span class='ocr_line' id='line_1_8' title="bbox 183 978 869 1058; baseline 0 -22"><span class='ocrx_word' id='word_1_48' title='bbox 183 994 255 1037; x_wconf 85' lang='lat' dir='ltr'>tram</span> <span class='ocrx_word' id='word_1_49' title='bbox 273 980 444 1038; x_wconf 87' lang='lat' dir='ltr'>nominatim</span> <span class='ocrx_word' id='word_1_50' title='bbox 459 993 622 1049; x_wconf 84' lang='lat' dir='ltr'>vocarent,</span> <span class='ocrx_word' id='word_1_51' title='bbox 639 997 701 1048; x_wconf 83' lang='lat' dir='ltr'>non</span> <span class='ocrx_word' id='word_1_52' title='bbox 717 978 869 1058; x_wconf 82' lang='lat' dir='ltr'>venirem,</span> 
     </span>
     <span class='ocr_line' id='line_1_9' title="bbox 185 1057 870 1139; baseline 0.001 -23"><span class='ocrx_word' id='word_1_53' title='bbox 185 1077 275 1138; x_wconf 91' lang='lat' dir='ltr'>quum</span> <span class='ocrx_word' id='word_1_54' title='bbox 289 1057 444 1139; x_wconf 78' lang='lat' dir='ltr'>praesertim</span> <span class='ocrx_word' id='word_1_55' title='bbox 461 1075 491 1119; x_wconf 92' lang='lat' dir='ltr'>te</span> <span class='ocrx_word' id='word_1_56' title='bbox 508 1057 568 1136; x_wconf 78' lang='lat' dir='ltr'>jam</span> <span class='ocrx_word' id='word_1_57' title='bbox 584 1057 667 1117; x_wconf 85' lang='lat' dir='ltr'>illine·</span> <span class='ocrx_word' id='word_1_58' title='bbox 678 1078 745 1116; x_wconf 91' lang='lat' dir='ltr'>cum</span> <span class='ocrx_word' id='word_1_59' title='bbox 758 1073 807 1116; x_wconf 88' lang='lat' dir='ltr'>tua</span> <span class='ocrx_word' id='word_1_60' title='bbox 822 1058 870 1117; x_wconf 61' lang='lat' dir='ltr'>fuss</span> 
     </span>
     <span class='ocr_line' id='line_1_10' title="bbox 174 1135 869 1220; baseline -0.003 -22"><span class='ocrx_word' id='word_1_61' title='bbox 174 1140 342 1220; x_wconf 62' lang='lat' dir='ltr'>„gitivorum</span> <span class='ocrx_word' id='word_1_62' title='bbox 357 1161 446 1200; x_wconf 87' lang='lat' dir='ltr'>manu</span> <span class='ocrx_word' id='word_1_63' title='bbox 464 1135 616 1199; x_wconf 81' lang='lat' dir='ltr'>discessisse</span> <span class='ocrx_word' id='word_1_64' title='bbox 634 1136 796 1197; x_wconf 85' lang='lat' dir='ltr'>constaret?</span> <span class='ocrx_word' id='word_1_65' title='bbox 811 1139 869 1214; x_wconf 67' lang='lat' dir='ltr'>Hie</span> 
     </span>
     <span class='ocr_line' id='line_1_11' title="bbox 185 1217 870 1299; baseline 0.003 -22"><span class='ocrx_word' id='word_1_66' title='bbox 185 1237 217 1277; x_wconf 90' lang='lat' dir='ltr'>ru</span> <span class='ocrx_word' id='word_1_67' title='bbox 231 1239 290 1293; x_wconf 22' lang='lat' dir='ltr'>&#39;me</span> <span class='ocrx_word' id='word_1_68' title='bbox 315 1221 401 1280; x_wconf 87' lang='lat' dir='ltr'>etiam</span> <span class='ocrx_word' id='word_1_69' title='bbox 426 1217 603 1291; x_wconf 85' lang='lat' dir='ltr'>custodem,</span> <span class='ocrx_word' id='word_1_70' title='bbox 628 1217 870 1299; x_wconf 81' lang='lat' dir='ltr'>defensoremque</span> 
     </span>
    </p>

    <p class='ocr_par' dir='ltr' id='par_1_3' title="bbox 185 1297 905 1946">
     <span class='ocr_line' id='line_1_12' title="bbox 187 1297 870 1380; baseline 0.004 -20"><span class='ocrx_word' id='word_1_71' title='bbox 187 1297 349 1380; x_wconf 73' lang='lat' dir='ltr'>Capitolii,</span> <span class='ocrx_word' id='word_1_72' title='bbox 369 1299 605 1380; x_wconf 77' lang='lat' dir='ltr'>templorumque</span> <span class='ocrx_word' id='word_1_73' title='bbox 627 1301 781 1373; x_wconf 86' lang='lat' dir='ltr'>omnium,</span> <span class='ocrx_word' id='word_1_74' title='bbox 802 1299 870 1363; x_wconf 73' lang='lat' dir='ltr'>h&#39;osr</span> 
     </span>
     <span class='ocr_line' id='line_1_13' title="bbox 185 1372 871 1460; baseline 0.003 -22"><span class='ocrx_word' id='word_1_75' title='bbox 185 1394 245 1440; x_wconf 85' lang='lat' dir='ltr'>rem</span> <span class='ocrx_word' id='word_1_76' title='bbox 256 1378 453 1460; x_wconf 80' lang='lat' dir='ltr'>Capitolinum</span> <span class='ocrx_word' id='word_1_77' title='bbox 464 1378 610 1459; x_wconf 85' lang='lat' dir='ltr'>appellare</span> <span class='ocrx_word' id='word_1_78' title='bbox 621 1372 701 1439; x_wconf 83' lang='lat' dir='ltr'>ausus</span> <span class='ocrx_word' id='word_1_79' title='bbox 711 1399 760 1452; x_wconf 78' lang='lat' dir='ltr'>es,</span> <span class='ocrx_word' id='word_1_80' title='bbox 769 1379 871 1460; x_wconf 76' lang='lat' dir='ltr'>qubd,</span> 
     </span>
     <span class='ocr_line' id='line_1_14' title="bbox 187 1459 870 1541; baseline 0.001 -23"><span class='ocrx_word' id='word_1_81' title='bbox 187 1479 276 1540; x_wconf 87' lang='lat' dir='ltr'>quum</span> <span class='ocrx_word' id='word_1_82' title='bbox 292 1463 322 1520; x_wconf 92' lang='lat' dir='ltr'>in</span> <span class='ocrx_word' id='word_1_83' title='bbox 343 1459 493 1541; x_wconf 80' lang='lat' dir='ltr'>Capitolio</span> <span class='ocrx_word' id='word_1_84' title='bbox 511 1459 641 1519; x_wconf 87' lang='lat' dir='ltr'>senatum</span> <span class='ocrx_word' id='word_1_85' title='bbox 660 1459 718 1520; x_wconf 90' lang='lat' dir='ltr'>duo</span> <span class='ocrx_word' id='word_1_86' title='bbox 736 1459 870 1528; x_wconf 55' lang='lat' dir='ltr'>,consules</span> 
     </span>
     <span class='ocr_line' id='line_1_15' title="bbox 185 1537 871 1619; baseline 0.004 -20"><span class='ocrx_word' id='word_1_87' title='bbox 185 1540 346 1618; x_wconf 76' lang='lat' dir='ltr'>ltaberent,</span> <span class='ocrx_word' id='word_1_88' title='bbox 360 1541 397 1602; x_wconf 79' lang='lat' dir='ltr'>ei&gt;</span> <span class='ocrx_word' id='word_1_89' title='bbox 411 1539 567 1618; x_wconf 80' lang='lat' dir='ltr'>venirem?</span> <span class='ocrx_word' id='word_1_90' title='bbox 581 1538 727 1609; x_wconf 77' lang='lat' dir='ltr'>Utrumne</span> <span class='ocrx_word' id='word_1_91' title='bbox 743 1537 784 1600; x_wconf 85' lang='lat' dir='ltr'>est</span> <span class='ocrx_word' id='word_1_92' title='bbox 797 1556 871 1619; x_wconf 84' lang='lat' dir='ltr'>tem·</span> 
     </span>
     <span class='ocr_line' id='line_1_16' title="bbox 187 1618 905 1709; baseline 0.004 -30"><span class='ocrx_word' id='word_1_93' title='bbox 187 1641 241 1701; x_wconf 86' lang='lat' dir='ltr'>pus</span> <span class='ocrx_word' id='word_1_94' title='bbox 253 1620 393 1709; x_wconf 73' lang='lat' dir='ltr'>ahquori,</span> <span class='ocrx_word' id='word_1_95' title='bbox 409 1643 468 1703; x_wconf 89' lang='lat' dir='ltr'>quo</span> <span class='ocrx_word' id='word_1_96' title='bbox 481 1623 511 1681; x_wconf 87' lang='lat' dir='ltr'>in</span> <span class='ocrx_word' id='word_1_97' title='bbox 523 1620 652 1681; x_wconf 86' lang='lat' dir='ltr'>senatum</span> <span class='ocrx_word' id='word_1_98' title='bbox 665 1618 773 1682; x_wconf 79' lang='lat' dir='ltr'>veniss&#39;e</span> <span class='ocrx_word' id='word_1_99' title='bbox 786 1638 870 1702; x_wconf 88' lang='lat' dir='ltr'>turpe</span> <span class='ocrx_word' id='word_1_100' title='bbox 902 1665 905 1669; x_wconf 33' lang='lat'><strong>⁴</strong></span> 
     </span>
     <span class='ocr_line' id='line_1_17' title="bbox 187 1701 870 1784; baseline 0.001 -24"><span class='ocrx_word' id='word_1_101' title='bbox 187 1701 245 1761; x_wconf 81' lang='lat' dir='ltr'>sit?</span> <span class='ocrx_word' id='word_1_102' title='bbox 261 1721 297 1762; x_wconf 90' lang='lat' dir='ltr'>an</span> <span class='ocrx_word' id='word_1_103' title='bbox 311 1722 357 1763; x_wconf 86' lang='lat' dir='ltr'>res</span> <span class='ocrx_word' id='word_1_104' title='bbox 376 1702 427 1762; x_wconf 82' lang='lat' dir='ltr'>illa</span> <span class='ocrx_word' id='word_1_105' title='bbox 446 1703 510 1762; x_wconf 86' lang='lat' dir='ltr'>talis</span> <span class='ocrx_word' id='word_1_106' title='bbox 527 1718 611 1773; x_wconf 90' lang='lat' dir='ltr'>erat,</span> <span class='ocrx_word' id='word_1_107' title='bbox 626 1701 664 1761; x_wconf 89' lang='lat' dir='ltr'>de</span> <span class='ocrx_word' id='word_1_108' title='bbox 724 1723 741 1762; x_wconf 94' lang='lat' dir='ltr'>a</span> <span class='ocrx_word' id='word_1_109' title='bbox 758 1703 870 1784; x_wconf 85' lang='lat' dir='ltr'>ageba-</span> 
     </span>
     <span class='ocr_line' id='line_1_18' title="bbox 187 1782 870 1865; baseline -0.001 -23"><span class='ocrx_word' id='word_1_110' title='bbox 187 1800 254 1856; x_wconf 87' lang='lat' dir='ltr'>tur,</span> <span class='ocrx_word' id='word_1_111' title='bbox 270 1798 302 1843; x_wconf 87' lang='lat' dir='ltr'>ut</span> <span class='ocrx_word' id='word_1_112' title='bbox 319 1804 382 1845; x_wconf 91' lang='lat' dir='ltr'>rem</span> <span class='ocrx_word' id='word_1_113' title='bbox 398 1782 488 1865; x_wconf 84' lang='lat' dir='ltr'>ipsam</span> <span class='ocrx_word' id='word_1_114' title='bbox 505 1782 677 1864; x_wconf 87' lang='lat' dir='ltr'>repudiate,</span> <span class='ocrx_word' id='word_1_115' title='bbox 738 1803 809 1858; x_wconf 83' lang='lat' dir='ltr'>eos,</span> <span class='ocrx_word' id='word_1_116' title='bbox 822 1785 870 1863; x_wconf 92' lang='lat' dir='ltr'>qui</span> 
     </span>
     <span class='ocr_line' id='line_1_19' title="bbox 187 1862 723 1946; baseline 0 -23"><span class='ocrx_word' id='word_1_117' title='bbox 187 1864 332 1946; x_wconf 74' lang='lat' dir='ltr'>agebant,</span> <span class='ocrx_word' id='word_1_118' title='bbox 347 1865 544 1925; x_wconf 88' lang='lat' dir='ltr'>condemnare</span> <span class='ocrx_word' id='word_1_119' title='bbox 562 1862 723 1924; x_wconf 85' lang='lat' dir='ltr'>deberem?</span> 
     </span>
    </p>

    <p class='ocr_par' dir='ltr' id='par_1_4' title="bbox 186 1941 871 2670">
     <span class='ocr_line' id='line_1_20' title="bbox 202 1941 869 2017; baseline -0.004 -12"><span class='ocrx_word' id='word_1_120' title='bbox 202 1956 207 1965; x_wconf 89' lang='lat'><em>&#39;</em></span> <span class='ocrx_word' id='word_1_121' title='bbox 229 1941 293 2006; x_wconf 84' lang='lat' dir='ltr'>IV.</span> <span class='ocrx_word' id='word_1_122' title='bbox 311 1944 438 2006; x_wconf 75' lang='lat' dir='ltr'>Primum</span> <span class='ocrx_word' id='word_1_123' title='bbox 455 1945 523 2006; x_wconf 89' lang='lat' dir='ltr'>dico</span> <span class='ocrx_word' id='word_1_124' title='bbox 542 1943 679 2016; x_wconf 69' lang='lat' dir='ltr'>senatoris</span> <span class='ocrx_word' id='word_1_125' title='bbox 700 1941 756 2014; x_wconf 75' lang='lat' dir='ltr'>effe</span> <span class='ocrx_word' id='word_1_126' title='bbox 774 1943 869 2017; x_wconf 92' lang='lat' dir='ltr'>boni,</span> 
     </span>
     <span class='ocr_line' id='line_1_21' title="bbox 186 2023 869 2106; baseline -0.001 -21"><span class='ocrx_word' id='word_1_127' title='bbox 186 2023 300 2106; x_wconf 83' lang='lat' dir='ltr'>semper</span> <span class='ocrx_word' id='word_1_128' title='bbox 319 2029 350 2088; x_wconf 92' lang='lat' dir='ltr'>in</span> <span class='ocrx_word' id='word_1_129' title='bbox 368 2027 497 2088; x_wconf 88' lang='lat' dir='ltr'>senatum</span> <span class='ocrx_word' id='word_1_130' title='bbox 516 2027 616 2087; x_wconf 86' lang='lat' dir='ltr'>venire</span> <span class='ocrx_word' id='word_1_131' title='bbox 637 2047 644 2104; x_wconf 70' lang='grc' dir='ltr'><strong>ς</strong></span> <span class='ocrx_word' id='word_1_132' title='bbox 667 2029 728 2098; x_wconf 51' lang='grc' dir='ltr'>ηεξ</span> <span class='ocrx_word' id='word_1_133' title='bbox 742 2046 807 2085; x_wconf 92' lang='lat' dir='ltr'>cum</span> <span class='ocrx_word' id='word_1_134' title='bbox 825 2025 869 2084; x_wconf 75' lang='lat' dir='ltr'>hii</span> 
     </span>
     <span class='ocr_line' id='line_1_22' title="bbox 187 2104 870 2187; baseline 0.003 -23"><span class='ocrx_word' id='word_1_135' title='bbox 187 2104 304 2179; x_wconf 90' lang='lat' dir='ltr'>sentio,</span> <span class='ocrx_word' id='word_1_136' title='bbox 346 2109 374 2166; x_wconf 92' lang='lat' dir='ltr'>ui</span> <span class='ocrx_word' id='word_1_137' title='bbox 393 2110 516 2169; x_wconf 84' lang='lat' dir='ltr'>statuunt</span> <span class='ocrx_word' id='word_1_138' title='bbox 534 2108 629 2178; x_wconf 73' lang='lat' dir='ltr'>minus</span> <span class='ocrx_word' id='word_1_139' title='bbox 646 2106 731 2166; x_wconf 87' lang='lat' dir='ltr'>bonis</span> <span class='ocrx_word' id='word_1_140' title='bbox 748 2111 870 2187; x_wconf 59' lang='lat' dir='ltr'>tempoe</span> 
     </span>
     <span class='ocr_line' id='line_1_23' title="bbox 189 2128 871 2268; baseline 0.007 -24"><span class='ocrx_word' id='word_1_141' title='bbox 189 2185 265 2244; x_wconf 90' lang='lat' dir='ltr'>ribus</span> <span class='ocrx_word' id='word_1_142' title='bbox 281 2185 310 2244; x_wconf 90' lang='lat' dir='ltr'>in</span> <span class='ocrx_word' id='word_1_143' title='bbox 325 2128 454 2261; x_wconf 63' lang='lat' dir='ltr'>ienatum</span> <span class='ocrx_word' id='word_1_144' title='bbox 470 2188 526 2268; x_wconf 86' lang='lat' dir='ltr'>ipsi</span> <span class='ocrx_word' id='word_1_145' title='bbox 539 2207 598 2247; x_wconf 86' lang='lat' dir='ltr'>non</span> <span class='ocrx_word' id='word_1_146' title='bbox 611 2186 735 2260; x_wconf 57' lang='lat' dir='ltr'>uenire3</span> <span class='ocrx_word' id='word_1_147' title='bbox 751 2207 812 2245; x_wconf 91' lang='lat' dir='ltr'>non</span> <span class='ocrx_word' id='word_1_148' title='bbox 826 2189 871 2257; x_wconf 75' lang='lat' dir='ltr'>in,-</span> 
     </span>
     <span class='ocr_line' id='line_1_24' title="bbox 188 2265 871 2346; baseline 0.006 -21"><span class='ocrx_word' id='word_1_149' title='bbox 188 2265 351 2346; x_wconf 84' lang='lat' dir='ltr'>telligentes</span> <span class='ocrx_word' id='word_1_150' title='bbox 368 2311 378 2340; x_wconf 92' lang='lat'>,</span> <span class='ocrx_word' id='word_1_151' title='bbox 397 2265 572 2340; x_wconf 75' lang='lat' dir='ltr'>hanesuam</span> <span class='ocrx_word' id='word_1_152' title='bbox 593 2269 711 2327; x_wconf 84' lang='lat' dir='ltr'>nimiam</span> <span class='ocrx_word' id='word_1_153' title='bbox 731 2266 871 2346; x_wconf 88' lang='lat' dir='ltr'>perseve-</span> 
     </span>
     <span class='ocr_line' id='line_1_25' title="bbox 188 2348 870 2428; baseline 0.003 -23"><span class='ocrx_word' id='word_1_154' title='bbox 188 2348 308 2407; x_wconf 89' lang='lat' dir='ltr'>rantiam</span> <span class='ocrx_word' id='word_1_155' title='bbox 325 2348 517 2408; x_wconf 82' lang='lat' dir='ltr'>vehementer</span> <span class='ocrx_word' id='word_1_156' title='bbox 534 2350 587 2421; x_wconf 88' lang='lat' dir='ltr'>iis,</span> <span class='ocrx_word' id='word_1_157' title='bbox 606 2352 728 2428; x_wconf 83' lang='lat' dir='ltr'>quorum</span> <span class='ocrx_word' id='word_1_158' title='bbox 742 2348 870 2407; x_wconf 83' lang='lat' dir='ltr'>animum</span> 
     </span>
     <span class='ocr_line' id='line_1_26' title="bbox 190 2425 871 2511; baseline 0 -24"><span class='ocrx_word' id='word_1_159' title='bbox 190 2425 339 2489; x_wconf 80' lang='lat' dir='ltr'>offendere</span> <span class='ocrx_word' id='word_1_160' title='bbox 353 2430 506 2502; x_wconf 69' lang='lat' dir='ltr'>uoluerunt</span> <span class='ocrx_word' id='word_1_161' title='bbox 518 2474 527 2502; x_wconf 94' lang='lat'>,</span> <span class='ocrx_word' id='word_1_162' title='bbox 541 2443 652 2511; x_wconf 81' lang='lat' dir='ltr'>gratam</span> <span class='ocrx_word' id='word_1_163' title='bbox 668 2425 871 2506; x_wconf 73' lang='lat' dir='ltr'>&amp;jucundam</span> 
     </span>
     <span class='ocr_line' id='line_1_27' title="bbox 188 2507 870 2591; baseline -0.004 -21"><span class='ocrx_word' id='word_1_164' title='bbox 188 2507 279 2570; x_wconf 78' lang='lat' dir='ltr'>fuiss‘e.</span> <span class='ocrx_word' id='word_1_165' title='bbox 294 2508 334 2569; x_wconf 79' lang='lat' dir='ltr'>At</span> <span class='ocrx_word' id='word_1_166' title='bbox 345 2511 429 2588; x_wconf 79' lang='lat' dir='ltr'>enim</span> <span class='ocrx_word' id='word_1_167' title='bbox 438 2511 569 2579; x_wconf 82' lang='lat' dir='ltr'>nonnulli</span> <span class='ocrx_word' id='word_1_168' title='bbox 581 2512 706 2591; x_wconf 80' lang='lat' dir='ltr'>propter</span> <span class='ocrx_word' id='word_1_169' title='bbox 713 2509 851 2569; x_wconf 65' lang='lat' dir='ltr'>*timorem</span> <span class='ocrx_word' id='word_1_170' title='bbox 858 2554 870 2583; x_wconf 87' lang='lat'><em>,</em></span> 
     </span>
     <span class='ocr_line' id='line_1_28' title="bbox 189 2585 871 2670; baseline -0.001 -20"><span class='ocrx_word' id='word_1_171' title='bbox 189 2590 269 2670; x_wconf 79' lang='lat' dir='ltr'>qubd</span> <span class='ocrx_word' id='word_1_172' title='bbox 286 2589 315 2651; x_wconf 79' lang='lat' dir='ltr'>se</span> <span class='ocrx_word' id='word_1_173' title='bbox 333 2592 363 2649; x_wconf 91' lang='lat' dir='ltr'>in</span> <span class='ocrx_word' id='word_1_174' title='bbox 378 2589 484 2651; x_wconf 77' lang='lat' dir='ltr'>&#39;senatu</span> <span class='ocrx_word' id='word_1_175' title='bbox 507 2592 571 2650; x_wconf 81' lang='lat' dir='ltr'>tuti&gt;</span> <span class='ocrx_word' id='word_1_176' title='bbox 590 2592 651 2666; x_wconf 74' lang='lat' dir='ltr'>tion</span> <span class='ocrx_word' id='word_1_177' title='bbox 671 2585 732 2662; x_wconf 74' lang='lat' dir='ltr'>effe</span> <span class='ocrx_word' id='word_1_178' title='bbox 747 2589 871 2665; x_wconf 85' lang='lat' dir='ltr'>arbitra·</span> 
     </span>
    </p>
   </div>
   <div class='ocr_carea' id='block_1_3' title="bbox 188 2667 883 3007">
    <p class='ocr_par' dir='ltr' id='par_1_5' title="bbox 188 2667 883 3007">
     <span class='ocr_line' id='line_1_29' title="bbox 190 2667 883 2752; baseline 0.001 -22"><span class='ocrx_word' id='word_1_179' title='bbox 190 2673 308 2746; x_wconf 91' lang='lat' dir='ltr'>bantur,</span> <span class='ocrx_word' id='word_1_180' title='bbox 318 2669 509 2750; x_wconf 75' lang='lat' dir='ltr'>discefferunt.</span> <span class='ocrx_word' id='word_1_181' title='bbox 518 2667 589 2731; x_wconf 67' lang='lat' dir='ltr'>Nun</span> <span class='ocrx_word' id='word_1_182' title='bbox 599 2669 783 2752; x_wconf 78' lang='lat' dir='ltr'>¹reprehendo</span> <span class='ocrx_word' id='word_1_183' title='bbox 796 2689 805 2743; x_wconf 79' lang='lat'>3</span> <span class='ocrx_word' id='word_1_184' title='bbox 816 2673 883 2743; x_wconf 20' lang='lat' dir='ltr'>nec:¹</span> 
     </span>
     <span class='ocr_line' id='line_1_30' title="bbox 190 2749 869 2836; baseline 0.001 -27"><span class='ocrx_word' id='word_1_185' title='bbox 190 2771 309 2830; x_wconf 85' lang='lat' dir='ltr'>quaero,</span> <span class='ocrx_word' id='word_1_186' title='bbox 329 2751 451 2814; x_wconf 90' lang='lat' dir='ltr'>fueritne</span> <span class='ocrx_word' id='word_1_187' title='bbox 467 2752 574 2836; x_wconf 82' lang='lat' dir='ltr'>aliquid</span> <span class='ocrx_word' id='word_1_188' title='bbox 590 2749 849 2833; x_wconf 78' lang='lat' dir='ltr'>pertimescendum</span> <span class='ocrx_word' id='word_1_189' title='bbox 862 2771 869 2810; x_wconf 80' lang='lat' dir='ltr'>a</span> 
     </span>
     <span class='ocr_line' id='line_1_31' title="bbox 189 2830 872 2915; baseline 0 -25"><span class='ocrx_word' id='word_1_190' title='bbox 189 2846 280 2910; x_wconf 87' lang='lat' dir='ltr'>puto,</span> <span class='ocrx_word' id='word_1_191' title='bbox 290 2830 339 2892; x_wconf 93' lang='lat' dir='ltr'>suo</span> <span class='ocrx_word' id='word_1_192' title='bbox 354 2835 499 2915; x_wconf 81' lang='lat' dir='ltr'>quemque</span> <span class='ocrx_word' id='word_1_193' title='bbox 515 2833 651 2903; x_wconf 79' lang='lat' dir='ltr'>arbitram</span> <span class='ocrx_word' id='word_1_194' title='bbox 663 2835 767 2893; x_wconf 87' lang='lat' dir='ltr'>timere</span> <span class='ocrx_word' id='word_1_195' title='bbox 780 2852 872 2914; x_wconf 70' lang='lat' dir='ltr'>0p0r7</span> 
     </span>
     <span class='ocr_line' id='line_1_32' title="bbox 188 2907 871 3007; baseline 0.001 -36"><span class='ocrx_word' id='word_1_196' title='bbox 188 2927 263 2975; x_wconf 78' lang='lat' dir='ltr'>tere.</span> <span class='ocrx_word' id='word_1_197' title='bbox 275 2907 338 2984; x_wconf 72' lang='lat' dir='ltr'>Cur</span> <span class='ocrx_word' id='word_1_198' title='bbox 349 2931 406 2997; x_wconf 71' lang='lat' dir='ltr'>ego</span> <span class='ocrx_word' id='word_1_199' title='bbox 418 2934 479 2976; x_wconf 88' lang='lat' dir='ltr'>non</span> <span class='ocrx_word' id='word_1_200' title='bbox 490 2915 654 2988; x_wconf 84' lang='lat' dir='ltr'>timuerim,</span> <span class='ocrx_word' id='word_1_201' title='bbox 666 2914 789 2997; x_wconf 69' lang='lat' dir='ltr'>queris?</span> <span class='ocrx_word' id='word_1_202' title='bbox 803 2914 871 3007; x_wconf 78' lang='lat' dir='ltr'>quia¹</span> 
     </span>
    </p>
   </div>
   <div class='ocr_carea' id='block_1_4' title="bbox 0 0 1071 3942">
    <p class='ocr_par' dir='ltr' id='par_1_6' title="bbox 0 0 1071 3942">
     <span class='ocr_line' id='line_1_33' title="bbox 0 0 1071 3942; baseline 0 0"><span class='ocrx_word' id='word_1_203' title='bbox 0 0 1071 3942; x_wconf 95' lang='lat' dir='ltr'> </span> 
     </span>
    </p>
   </div>
  </div>
 </body>
</html>
