2117 3942
174 367 256 448 540
306 382 308 387 .
401 346 627 421 onera-o
692 394 695 404 .

173 487 241 529 eam
252 487 259 526 ε
271 463 311 524 sic
328 477 389 524 tum
408 461 625 534 existimabam,
638 457 713 524 nihil
726 459 859 523 homiues
897 456 902 465 ’

173 546 252 610 aliud
269 545 393 615 Rome,
411 544 466 604 nisi
481 544 518 602 de
539 539 679 622 questura
700 561 792 616 mea,
814 543 862 605 lo-

174 628 233 711 qui.
256 625 406 687 Frumenti
415 625 446 684 in
454 622 563 683 summa
573 623 694 683 caritate
703 623 862 686 maximum

174 725 329 769 numerum
343 704 476 766 miseram
490 724 498 761 ε
516 703 747 784 negotiatoribus
760 707 861 778 comis,

174 786 383 850 mercatoribus
395 783 503 865 justus,
516 782 710 864 municipibus
725 783 863 856 liberalis,

175 866 258 929 sociis
285 865 449 936 abstinens,
473 862 608 924 omnibus
630 883 714 926 eram
736 863 812 926 visus
832 866 860 923 in

175 949 261 1011 omni
289 945 387 1009 officio
418 944 680 1027 diligentissimus:
707 945 862 1027 excogitati

176 1029 297 1112 quidem
330 1042 412 1090 erant
439 1047 458 1087 a
481 1023 584 1106 Siculis
607 1024 740 1086 honores
764 1027 795 1086 in
815 1042 862 1086 me

176 1109 307 1170 inauditi.
540 1106 544 1114 “
699 1144 701 1150 1

220 1191 271 1271 65.
287 1187 331 1250 lta
372 1187 456 1249 ehac
471 1184 520 1268 spe
532 1183 736 1259 ‘d‘ecedeBam‚
747 1202 781 1246 ut
794 1183 864 1245 milri

176 1270 320 1353 populum
368 1287 506 1329 ornanum
527 1266 604 1325 ultro
627 1266 729 1325 omnia
750 1266 863 1325 delatu-

176 1372 262 1425 rum,
278 1366 418 1430 putarem.
431 1347 473 1407 At
484 1366 560 1428 ego,
577 1365 668 1426 quum
681 1344 746 1405 casu
761 1345 856 1407 diebus

177 1432 233 1505 iis,
258 1432 366 1491 itineris
391 1427 516 1491 faciendi
539 1426 654 1498 causi,
677 1425 859 1487 decedense

176 1513 345 1594 provincia,
355 1506 581 1568 Puteolosforte
593 1503 757 1580 veniffem,
776 1525 862 1586 quum

177 1591 313 1674 plurimi,
330 1589 362 1650 δι
380 1587 526 1648 lautissimi
538 1585 632 1646 solent
650 1583 708 1649 effe
726 1588 762 1648 in.
769 1588 802 1645 iis
815 1587 855 1647 lo·

177 1672 240 1744 cis3
260 1669 374 1731 concidi
387 1686 462 1748 pene
475 1712 484 1742 ,
505 1665 622 1728 Judices
633 1710 650 1737 2
662 1687 754 1746 quum
766 1686 801 1727 ex
814 1684 862 1724 me·

218 1752 295 1812 idam
313 1747 471 1832 quaesiffet,
487 1767 546 1828 quo
565 1746 612 1807 die
624 1738 725 1806 Romi
735 1744 855 1818 exillem,

177 1771 306 1893 gnum·
337 1829 385 1890 uid
399 1831 481 1889 inea
502 1825 572 1887 esset
593 1829 685 1886 novi:
707 1829 752 1886 cui
811 1845 855 1884 um

177 1853 406 1994 respoudil‘iem,
424 1929 472 1968 me
489 1927 510 1967 e·
523 1908 673 1989 provincia
693 1847 855 1967 decegre:

170 1990 276 2134 {tiam
295 1989 494 2063 mehercules,
513 1989 623 2069 inquit,
642 2005 678 2049 ut
687 1989 812 2067 opinor,
825 2005 856 2046 ex

211 2073 291 2134 frica.

219 2149 374 2214 XXVII'.
398 2149 473 2210 Huic
494 2169 510 2209 e
533 2169 551 2208 o
575 2145 634 2221 iam
656 2145 860 2218 stomachans,

176 2229 339 2305 fastidiose,
350 2230 445 2291 Immo
461 2251 498 2290 ex
511 2169 624 2301 grellia,
636 2231 767 2309 iuquam.
784 2227 856 2287 Tum

179 2310 316 2395 quidam,
328 2313 411 2390 quasi.
424 2313 473 2389 qui
490 2311 587 2369 omnia
600 2308 703 2381 sciret,
716 2307 815 2388 Quid?
826 2323 860 2364 tu.-

178 2390 270 2454 nescis
280 2436 295 2466 ,
306 2390 416 2470 inquit,
435 2389 511 2450 hunc
524 2389 675 2468 Syracusis
691 2388 859 2468 quaestorem.

177 2471 283 2550 filffe?
303 2469 383 2550 Quid
404 2468 518 2539 multa?
546 2468 639 2531 destiti
666 2465 862 2538 stomachari,

181 2554 214 2616 δι
231 2574 282 2615 me
295 2572 381 2612 unum
399 2571 434 2612 ex
449 2554 481 2610 iis
494 2549 550 2614 feci
561 2595 577 2624 „
589 2551 637 2630 qui
652 2548 690 2609 ad
707 2570 796 2630 aquas
808 2567 857 2607 ve-

179 2633 293 2695 uiffent.
323 2631 382 2703 Sed
402 2651 437 2692 ea
459 2650 503 2692 res
515 2674 533 2701 ,‚
548 2630 682 2703 Judices,
700 2629 780 2690 haud
804 2627 862 2687 scio

179 2735 215 2774 an
230 2715 292 2792 plus
306 2713 377 2773 milri
392 2711 553 2793 profuerit,
569 2710 655 2791 quim
673 2711 696 2768 si
714 2710 784 2770 mihi
800 2725 863 2768 tum:

178 2791 270 2852 essent
294 2813 396 2854 omnes
416 2791 624 2872 congratulati:
645 2811 715 2849 nam
740 2789 856 2871 postea-

177 2871 369 2958 quamsensi,
378 2873 519 2957 populum
529 2870 701 2937 Romanum.
711 2891 795 2936 aures
810 2871 858 2931 he·
