2117 3942
180 364 285 437 Pno
305 364 344 434 L
364 363 512 437 court.
535 367 714 440 Bmo.
746 382 824 468 v31'r

129 476 300 547 vestrorunt
317 481 504 554 animorum,
527 479 579 543 sed
599 482 747 565 perspicui
767 487 824 545 ad-

131 562 292 623 miratione
310 559 447 621 declarari
465 561 618 624 videbatur
634 585 642 624 ι
658 562 729 654 nihil
744 566 824 627 eninr

131 639 824 802 ludullllltllffd„{llll‘llffill}

132 801 172 863 de
188 820 274 863 more
284 844 296 875 ,
316 799 354 861 de
372 800 514 882 exemplis
532 805 663 876 acutius,
682 805 751 865 nihil
764 825 824 886 pe-

130 882 214 947 ritiits
231 881 270 944 de
289 879 473 955 foederibus,
492 881 562 942 nihil
583 881 732 945 illustriore
749 907 823 959 auc-

132 964 255 1024 ro'ritnte
273 960 311 1023 de
328 962 436 1035 bellis,
453 961 523 1021 nihil
543 962 580 1024 de
597 963 743 1045 republica
759 986 825 1048 gra·

85 1110 87 1123 ¹
133 1044 225 1117 viius,
245 1041 317 1102 nihil
340 1041 378 1103 de
402 1041 464 1122 ipso
485 1041 669 1120 modestius,
690 1044 761 1105 nihil
784 1043 823 1107 de

133 1122 219 1185 causa
232 1122 267 1183 δι
284 1123 403 1184 crimine
419 1124 558 1183 ornatius.

85 1222 87 1235 ·
195 1200 272 1264 ‚Ut
293 1202 362 1262 mihi
385 1199 444 1280 jam
469 1222 573 1263 verum
594 1203 729 1265 videatur
750 1202 822 1267 illud

136 1302 152 1344 e
173 1303 212 1357 e,
269 1281 311 1342 od
326 1282 458 1343 nonnulli
470 1282 572 1354 litteris
588 1283 732 1345 aciludiis
749 1285 823 1347 doc·

134 1366 216 1423 trinae
250 1356 338 1435 editi,
351 1366 432 1444 quasi
445 1363 583 1444 quiddam
595 1364 763 1427 incredibile
780 1366 825 1426 di·

135 1442 413 1524 amputabantur,
430 1463 518 1517 eum,
535 1447 591 1526 qui-
601 1465 705 1507 ornnes
722 1447 821 1507 animo

135 1526 260 1585 virtutes
276 1526 393 1604 penitus
407 1523 688 1605 comprehendillet‚
705 1529 823 1599 omnia,
930 1581 933 1587 .

135 1625 200 1685 (μιν,
211 1602 311 1669 facere
324 1604 435 1676 vellet,
450 1602 585 1665 facillime
598 1605 730 1669 tradate.
744 1606 823 1687 Quoe

136 1687 265 1747 enimin
286 1682 322 1745 L.
342 1682 443 1746 Ccallo
464 1686 586 1765 potuit,
610 1685 731 1747 homine
750 1704 823 1749 nato

135 1764 174 1829 ad
192 1763 311 1827 dicendi
331 1764 504 1847 singularem
525 1765 681 1846 qtumdam
700 1765 824 1827 inculta.-

136 1862 220 1919 tent,
240 1846 267 1905 si
284 1844 359 1905 hanc
376 1843 488 1907 causam
506 1861 631 1928 ageret,
653 1843 749 1926 major
765 1842 823 1907 elle

85 2000 87 2005 Ι
136 1926 275 2000 ubertas,
287 1926 430 1998 varietas,
444 1926 549 2005 copia,
562 1925 649 2019 quim
662 1924 716 1984 fuit
729 1927 756 1985 in
771 1945 824 1998 eo,

115 2008 186 2087 >qui
210 2023 326 2067 tantum
348 2007 444 2086 potuit
467 2008 616 2085 impertire
639 2004 704 2064 huic
728 2003 824 2065 studio

138 2102 194 2147 tem
217 2087 301 2161 oris,
323 2103 459 2166 quantum
478 2082 538 2164 ipse
560 2107 577 2144 a
596 2087 717 2165 pueritia
734 2084 824 2168 usque

138 2166 175 2227 ad
228 2234 231 2241 ¹
251 2188 268 2227 c
286 2182 403 2226 aetatem
421 2188 437 2225 a
453 2166 594 2224 continuis
611 2165 693 2225 bellis
712 2166 744 2226 ὅ(
761 2168 825 2228 vic·

139 2247 219 2308 toriis
235 2244 427 2326 conquievit?
444 2243 517 2324 Quo
534 2245 605 2305 milti
622 2244 765 2307 difficilior
781 2244 824 2308 est

140 2326 183 2397 hic
203 2342 352 2387 extremus
370 2325 527 2405 perorandi
545 2325 627 2387 locus
642 2346 649 2385 :
667 2329 775 2389 etenim
795 2329 824 2387 ei

142 2405 264 2468 succedo
287 2405 440 2480 orationi,
463 2425 525 2485 quae
550 2426 611 2465 non
634 2405 825 2486 praeterveila

103 2478 111 2493 ’
142 2488 174 2545 sit
189 2505 275 2547 aures
292 2483 425 2558 vestras,
448 2483 499 2544 sed
519 2486 550 2545 in
570 2487 671 2545 animis
691 2487 824 2545 omniunt

143 2568 253 2644 penitus
276 2562 434 2636 insederit3
455 2582 487 2623 ur
511 2564 576 2644 plus
599 2564 759 2644 voluptatis
786 2583 824 2623 ex

143 2645 343 2709 recordatione
364 2643 437 2705 illius
460 2644 623 2715 orationis,
650 2643 738 2723 quint
761 2663 824 2703 non

146 2726 230 2785 modo
245 2745 283 2786 ex
295 2744 381 2799 mea,
396 2723 446 2786 sed
459 2744 496 2785 ex
510 2720 676 2802 cujusquam
690 2724 823 2787 oratione

85 2860 89 2881 ‚
147 2824 244 2887 cepere
261 2805 391 2886 possitis.
768 2854 771 2860 .

85 2885 91 2937 ἱ
179 2884 226 2957 ll..
241 2884 304 2948 Sed
326 2906 393 2948 mos
415 2881 456 2945 est
479 2881 624 2967 gerendus
647 2903 708 2944 non
730 2880 823 2945 modo
852 2898 856 2904 ·
