2117 3942
270 345 688 421 consummatis,
755 350 828 447 381

140 460 251 526 sotium
269 457 432 541 judicium,
451 485 484 524 ac
502 465 677 540 notionem,
702 466 734 527 ἃ
757 468 828 530 illud

139 563 261 606 morunt
283 540 491 604 severissimum
517 543 738 626 magisterium,
767 570 829 610 non

138 622 200 687 effe
219 621 336 683 nefariis
351 624 464 704 legibus
480 624 517 684 de
534 626 650 686 civitate
669 626 827 688 sublatum:

140 704 321 785 tipatritius
340 705 470 764 tribunus
490 704 583 784 plebis
603 704 706 780 fuerit,
726 728 829 769 contra

139 784 225 879 leges
238 781 356 843 sacratas
369 804 379 856 ;
392 787 417 842 si
427 784 578 865 plebeius,
592 802 692 845 contra
705 787 827 868 auspicia

85 880 87 901 ¹
139 862 224 927 stttffe
235 882 305 925 :aut
321 864 392 923 mihi
407 864 571 924 concedant
586 864 719 926 homines
735 889 827 947 opor·

138 961 206 1020 tet,
221 946 253 1004 in
263 945 348 1004 rebus
361 945 445 1004 bonis
461 966 521 1004 non
537 946 686 1024 exquirere
702 943 762 1020 iura
776 967 829 1024 ea,¹

222 1027 279 1106 ipsi
297 1026 327 1083 in
345 1025 465 1105 perditis
483 1047 545 1084 non
565 1026 717 1105 exquirunt
731 1071 740 1099 ,
753 1048 830 1106 prae·

151 1108 240 1166 ertim
263 1126 352 1186 quum
378 1106 414 1164 ab
442 1105 495 1167 iliis
520 1105 673 1184 aliquoties
698 1108 829 1169 conditio

141 1183 180 1246 C.
194 1183 302 1247 Caesari
316 1185 372 1244 lata
386 1188 443 1258 sit,
457 1204 488 1244 ut
503 1185 617 1245 easdem
631 1206 677 1245 res
689 1187 746 1247 alio
761 1207 831 1248 m0⁴

142 1266 183 1327 do
200 1267 312 1336 serret3
328 1265 384 1345 qui
402 1266 571 1326 conditione
589 1264 710 1346 auspicia
729 1270 830 1348 requi·

142 1347 265 1417 rebant,
281 1345 361 1428 leges
380 1346 613 1426 comprobabant
633 1368 640 1405 ε
665 1349 694 1406 in
718 1345 827 1408 Clodio

142 1427 334 1508 auspiciorum
351 1429 423 1485 ratio
438 1430 473 1486 sit
486 1428 610 1500 eadem,
628 1426 708 1509 leges
724 1448 828 1490 omnes

143 1511 199 1568 tint
216 1506 324 1568 eversae
340 1529 373 1566 ac
390 1507 507 1587 perditae
523 1510 656 1568 civitatis.

181 1586 443 1659 'IX-Extremum
457 1588 525 1647 illud
539 1587 589 1648 est.
604 1587 687 1669 Ego,
702 1589 725 1646 si
737 1586 829 1649 essent

144 1667 297 1729 inimicitia
307 1668 377 1728 mihi
388 1689 453 1727 cum
468 1666 505 1728 C.
516 1666 647 1740 Caesare,
659 1683 757 1726 tamen
768 1669 829 1729 hoc

144 1765 172 1810 te
225 1768 280 1809 ore
296 1749 463 1830 reipublicae
481 1746 651 1821 consulere,
668 1749 828 1808 inimicitias

144 1770 267 1890 tribou
282 1843 343 1889 tem
365 1849 397 1888 us
415 1828 561 1890 reservare
579 1827 738 1888 deberem:
753 1851 828 1908 pos-

145 1908 202 1971 sem
222 1911 311 1970 etiam
336 1850 513 1968 {iimmorum
538 1910 666 1967 vitorum
688 1910 827 1986 exemplo

144 1988 475 2069 inimicitias'reipublicae
486 1988 571 2063 causi
582 1988 748 2068 deponere:
759 1988 828 2064 sed,

146 2091 233 2152 quum
244 2070 401 2130 inimicitiae
414 2068 521 2129 fuerint
536 2089 691 2149 numquam
703 2089 712 2139 3
726 2071 828 2148 opinio

145 2150 253 2232 iujuriae
277 2148 422 2210 beneficio
446 2151 482 2209 sit
503 2147 636 2210 exstindia
656 2171 663 2207 :
686 2148 827 2211 senteutii

145 2232 232 2305 med,
254 2229 353 2289 Patres
378 2229 552 2310 conscripti,
576 2233 598 2288 si
620 2230 741 2313 dignitas
761 2234 827 2314 agi·

145 2327 186 2373 tur
203 2310 244 2373 C.
263 2309 399 2385 Caesaris,
415 2313 525 2371 homini
537 2312 660 2372 tribuam
674 2334 680 2370 :
696 2316 718 2372 si
731 2314 826 2373 honos

146 2393 263 2475 quidam
277 2436 287 2462 ‚
301 2389 412 2451 senatris
433 2393 596 2452 concordiae
618 2393 785 2453 consulam:
803 2394 828 2450 si

146 2474 296 2534 auderitas
310 2471 491 2532 decretorum
504 2471 685 2543 vestrorum,
697 2470 829 2531 constan·

146 2557 211 2614 tiam
233 2551 341 2612 ordinis
361 2554 390 2611 in
413 2554 520 2613 eodem
543 2552 675 2609 ornando
698 2553 737 2608 im
760 2570 827 2607 era·
872 2569 874 2574 ·

146 2650 206 2696 tote
234 2632 384 2694 servabo:
408 2634 430 2691 si
459 2648 598 2711 perpetua
624 2631 697 2688 ratio
722 2572 829 2687 (iallici

146 2714 241 2789 belli,
264 2714 426 2792 reipublicae
450 2709 638 2791 providebo:
660 2711 683 2766 si
709 2707 828 2788 aliquod

146 2815 244 2859 meum
265 2796 409 2876 privatum
428 2790 577 2866 officium,
590 2809 638 2851 me
655 2809 716 2851 non
731 2791 829 2873 ingra-¹
