2117 3942
290 351 395 422 Pno
419 352 468 422 M.
497 354 679 428 catto.
740 375 819 452 431

137 461 270 605 nupsctab
289 463 347 526 sese
365 467 546 540 inimicitias,
569 465 727 551 odiumque
746 492 818 552 pro·

136 565 178 624 pu
200 564 241 604 e.

157 623 228 699 *76-
239 622 282 685 At
321 640 381 686 eut
392 621 443 685 iste
452 627 636 705 interpositus
646 626 740 690 sermo
751 629 832 707 deli·¹

135 705 265 778 ciarum,
282 645 454 784 ddsidiaeque
475 723 637 766 moreretur
653 706 757 788 (fecit.
770 730 820 771 me

135 783 303 845 mehercule
320 787 431 857 invito,
446 785 478 844 &
496 786 619 846 multum
628 806 820 868 repugnante,

135 861 186 924 sed
204 880 302 925 tamen
317 861 411 944 fecit)
422 883 531 924 nomen
550 866 633 925 amici
643 870 700 927 mei
711 867 748 929 de
756 891 820 931 am-

136 943 197 1003 bitu
217 943 337 1016 detulit3
356 963 444 1024 quem
464 943 624 1004 absolutum
643 945 818 1028 insequitur,

135 1042 275 1084 morat:
290 1026 399 1085 nemini
417 1022 543 1084 nostriim
561 1026 764 1107 obtemperat:
776 1027 819 1091 esi

135 1103 318 1178 violentior,
339 1104 426 1185 quim
450 1105 571 1165 vellem.
599 1103 659 1165 Sed
684 1127 740 1188 ego
759 1129 821 1169 non

136 1182 244 1265 loquor
260 1183 464 1265 desipientia,
477 1206 540 1266 quae
552 1206 613 1245 non
623 1185 698 1246 cadit
707 1190 736 1246 in
745 1187 821 1249 hanc

138 1280 255 1325 atatem
269 1287 277 1324 a
290 1264 328 1325 de
340 1267 451 1345 impetu
465 1267 552 1325 animi
569 1266 696 1346 loquor,
713 1267 750 1327 de
769 1289 821 1328 cu·

137 1343 258 1424 piditate
281 1345 439 1416 vincendi,
464 1345 500 1405 de
523 1346 627 1406 ardore
651 1349 756 1407 mentis
782 1347 820 1407 ad

136 1425 259 1506 gloriam
277 1445 286 1498 ;
305 1446 369 1506 quae
386 1423 475 1484 studia
494 1427 522 1484 in
543 1426 586 1486 his
610 1423 670 1505 jam
690 1427 821 1488 aetatibus

137 1503 238 1564 nostris
256 1503 445 1565 contradiora
467 1503 524 1565 effe
549 1506 680 1578 debent3
696 1509 725 1567 in
744 1507 820 1566 ado-

137 1584 273 1649 lescentia
290 1586 385 1656 verb,
401 1603 548 1664 tamquam
560 1588 588 1645 in
602 1586 716 1660 herbis,
733 1590 821 1668 signi,

137 1664 244 1740 sicant,
261 1687 326 1747 qua
342 1665 454 1722 virtutis
469 1668 634 1738 maturitas,
655 1668 688 1726 δι
706 1686 820 1746 quanta

137 1745 234 1828 fruges
250 1743 391 1804 industria
410 1746 465 1802 sint
483 1742 595 1804 futurae.
614 1744 728 1805 Etenim
748 1745 823 1807 serm

137 1828 310 1908 permagno
320 1827 438 1906 ingenio
450 1822 647 1885 adolescentes
657 1824 822 1886 refrenandi

137 1909 239 1988 potiias
256 1928 273 1965 a
292 1905 403 1987 gloria,
443 1902 510 1963 uim
529 1905 666 1965 incitandi
686 1904 820 1965 fueruntt

137 1987 312 2068 amputanda
332 1986 412 2065 plura
423 1926 491 2043 dunt
507 1983 548 2044 illi
564 1988 661 2057 aetati,
681 1985 823 2064 siquidem

138 2065 291 2128 efflorescit
305 2067 414 2146 ingenii
425 2063 577 2137 laudibus,
593 2065 679 2144 quim
697 2064 822 2125 inseren-

138 2148 184 2208 da.
202 2147 323 2227 Quare,
337 2149 360 2204 si
371 2147 416 2204 cui
427 2144 547 2203 nimium
561 2142 700 2205 effervisse
707 2145 823 2205 videtur

105 2251 108 2257 ·
137 2226 223 2306 liujus
241 2227 291 2287 vel
308 2228 337 2283 in
354 2225 557 2304 suscipiendis,
574 2226 622 2286 vel
641 2228 671 2284 in
688 2226 821 2307 gerendis

137 2308 293 2371 inimicitiis
313 2309 383 2378 vis,
409 2305 565 2376 ferocitas,
590 2308 767 2386 pertinacia:
798 2308 822 2366 si

138 2406 227 2469 quern
254 2389 341 2447 etiam
369 2388 555 2446 minimorum
580 2387 684 2447 horum
714 2386 821 2465 aliquid

139 2466 280 2540 offendit,
298 2469 321 2525 si
359 2488 470 2546 urpurae
487 2487 598 2546 genus,
616 2471 639 2526 si
658 2469 819 2526 amicorum

140 2566 282 2619 catervae,
296 2548 320 2604 si
332 2488 486 2624 {dilendon
498 2547 522 2602 si
535 2547 628 2605 nitor:
641 2543 760 2621 jamista
771 2542 823 2602 de·

140 2627 299 2698 ferverint3
315 2624 374 2705 jam
393 2642 460 2684 aetas
475 2626 596 2697 omnia,
614 2622 673 2703 jam
692 2620 742 2681 ista
759 2621 821 2682 dies

141 2726 202 2769 mm
225 2725 288 2768 ant.
815 2736 817 2743 '

242 2783 321 2850 XII.
339 2781 519 2846 Conservate
535 2783 619 2864 igitur
637 2779 820 2862 reipublice,
