2117 3942
180 319 253 392 126
392 322 630 394 Onnrro

174 434 272 498 stituto
283 481 292 509 ‚
305 437 455 497 inchoares
466 457 475 509 3
487 437 672 499 referendum
683 435 862 497 adsacerdo·

174 532 219 575 tes
232 518 362 597 publicos
378 538 439 576 non
453 516 575 597 putasti?
588 518 631 579 At
641 564 650 591 ,
661 522 684 577 si
701 515 863 598 collegium

174 596 346 676 pontificum
373 597 570 657 adhibendum
596 620 656 658 non
684 597 841 656 videbatur
849 618 861 669 ;

174 696 304 738 nemone
320 678 426 736 horum
440 678 493 736 tibi
508 678 631 738 idoneus
644 676 719 740 visus
734 676 794 750 est,
810 679 863 758 qui

138 832 141 838 Ι
177 773 283 831 aetate,
306 759 420 817 honore
433 802 446 829 ,
473 757 638 819 auctoritate
664 757 865 830 antecellunt,

175 853 208 895 ut
228 858 294 897 cum
313 859 351 898 eo
371 838 586 899 dedicationem
608 836 860 898 communicares!

175 936 300 997 quorum
316 919 432 998 quidem
451 934 483 977 tu
500 940 562 978 non
574 915 791 998 contempsisti,
809 915 862 978 sed

173 997 347 1078 pertimuisti
364 1000 543 1080 dignitatem.

218 1077 294 1139 LII,
312 1079 361 1139 An
372 1097 403 1138 tu
415 1078 536 1138 auderes
547 1096 673 1158 quaerere
689 1095 725 1136 ex
740 1074 773 1136 P.
790 1073 863 1138 Ser-

176 1157 249 1218 vilio
258 1205 269 1233 ,
278 1176 325 1219 aut
334 1181 370 1220 ex
380 1160 424 1218 M.
436 1159 558 1219 Lucullo
568 1203 576 1231 ,
586 1177 710 1238 quorum
720 1177 778 1238 ego
786 1178 861 1217 con-

176 1237 241 1298 silio
259 1257 349 1320 atque
367 1239 533 1299 audiorirare
555 1236 763 1316 rempublicam
784 1258 864 1297 con-

174 1317 217 1381 sul
235 1340 272 1379 ex
290 1318 392 1380 vestris.
403 1319 533 1378 manibus
551 1340 584 1377 ac
600 1316 728 1379 faucibus
745 1319 859 1397 eripui,

175 1399 345 1478 quibusnam
361 1400 477 1471 verbis,
497 1414 544 1459 aut
561 1420 619 1480 quo
634 1401 714 1470 ritu,
732 1399 864 1477 primum

174 1478 233 1538 boc
248 1479 313 1539 dico
323 1524 336 1554 ,
346 1481 415 1541 civis
430 1478 555 1541 domum·
567 1477 748 1540 consecrares
758 1499 768 1551 ;
779 1477 861 1539 dein·

176 1558 215 1618 de
234 1560 304 1619 civis
330 1555 418 1637 ejus,
441 1563 488 1619 cui
505 1562 640 1640 princeps
660 1557 797 1632 senatus,
813 1561 861 1618 cui

175 1641 265 1698 etiam
284 1639 401 1702 ordines
414 1661 537 1711 omnes,
552 1638 658 1699 deinde
674 1637 756 1697 Italia
773 1654 838 1699 tota
849 1683 864 1712 ,.

173 1717 239 1798 pbst
269 1719 379 1780 cunetae.
403 1738 526 1802 gentes,
552 1719 748 1780 testimonium
772 1716 857 1796 hujus

175 1799 255 1858 urbis
275 1817 360 1881 atque
380 1804 492 1880 imperii
515 1798 675 1861 conservati
694 1795 857 1859 dedillent?

175 1879 260 1960 Quid
274 1880 404 1955 diceres,
421 1882 439 1940 ὃ
456 1879 581 1941 nefanda
597 1880 629 1940 &
641 1878 801 1959 perniciosa
817 1879 861 1939 la·

175 1959 227 2020 bes
247 1961 391 2023 civitatis?
409 1961 508 2032 Ades,
521 1961 589 2021 ades
604 2005 614 2034 ,
631 1959 772 2034 Luculle,
788 1957 860 2020 Set-

174 2042 248 2112 vili,
266 2042 336 2104 dum
359 2042 462 2102 dedico
486 2041 608 2102 domum
634 2038 810 2112 Ciceronis,
827 2057 859 2100 ut

174 2121 246 2179 mihi
265 2125 395 2200 praeeatis
407 2167 420 2192 ,
436 2119 610 2201 postemque
626 2123 758 2181 teneatis.
779 2118 819 2180 Es
827 2137 861 2180 tu·

175 2198 296 2278 quidem
319 2221 408 2280 quum
432 2201 569 2274 audacii,
591 2219 656 2259 tum·
678 2199 864 2282 impudenti&

174 2277 333 2358 singulari3
352 2279 401 2339 sed
421 2280 473 2340 tibi
496 2297 595 2340 tamen
615 2279 717 2354 oculi,
740 2281 861 2354 vultus,

161 2359 268 2418 vverba
281 2357 465 2433 cecidissent,
482 2381 571 2441 quum
592 2378 621 2420 te
643 2362 719 2434 viri,
743 2363 792 2442 qui
811 2361 862 2422 sud

173 2438 479 2520 dignitate-personam
495 2442 597 2521 populi
610 2441 756 2516 Romani,
771 2456 859 2522 atque

76 2548 95 2557 ··
138 2588 146 2597 .
174 2518 375 2581 audioritatetn
399 2523 512 2601 imperii
540 2521 734 2594 sustinerent,
760 2522 863 2580 verbis

175 2601 348 2679 gravissimis
371 2600 581 2682 perterruissent
597 2622 606 2674 3
625 2621 721 2682 neque
740 2602 793 2660 sibi
816 2601 860 2661 fas

176 2674 235 2769 else
258 2679 407 2755 distillent,
425 2681 515 2742 furori
535 2679 665 2742 interesse
683 2698 755 2754 tuo,
772 2699 865 2763 atque

175 2774 208 2817 m
224 2759 324 2833 patriae
343 2763 517 2841 parricidio,
538 2764 570 2821 δι
587 2762 708 2822 scelere»
885 2788 888 2793 ·

187 2886 190 2891 .
222 2850 287 2914 124.
308 2838 386 2923 Quae
403 2864 497 2924 quum
514 2842 658 2918 rideres,
683 2859 747 2906 tum
768 2857 801 2904 te
824 2841 867 2906 ad
