2117 3942
350 383 446 454 Pno
471 384 522 452 M.
551 385 726 454 cerro.
792 405 868 483 413

188 495 339 578 spectante
357 499 469 580 populo
479 499 616 560 Romano
630 511 676 561 tot
694 499 805 563 menses
822 516 873 562 aut

189 579 229 640 de
248 579 356 651 salute,
374 598 420 639 aut
438 581 476 640 de
491 581 582 661 gloria
599 580 768 641 dimicaret?

230 656 305 717 XX.
326 658 405 718 Nihil
423 662 506 742 igitur
525 660 572 720 illa
588 661 719 720 vicinitas
735 657 873 721 redolet?

188 736 260 797 nihil
282 739 436 799 hominum
449 739 548 798 fama?
573 739 640 797 nihil
653 739 727 799 Baiae
747 741 873 820 denique

188 819 197 876 i
220 817 254 877 sae
273 817 452 900 loquuntur?
474 817 534 877 Illae
553 819 627 877 verb
640 840 700 878 non
719 819 875 900 loquuntur

187 839 280 958 dnm
292 943 304 969 ‚
315 902 419 959 verbm
433 899 521 958 etiam
556 896 710 969 erfonem,
722 900 776 958 huc
791 901 874 959 unius

187 979 315 1038 mulieris
333 978 481 1039 libidinem
503 997 520 1037 e
544 997 560 1037 e
583 977 766 1058 prolapsam,
783 994 814 1037 ut
834 998 871 1039 ee

188 1077 249 1117 non
267 1058 360 1117 modb
376 1057 558 1117 solitudinem
575 1078 607 1117 ac
619 1059 771 1130 tenebras,
786 1075 871 1137 atque

184 1137 250 1198 baec
270 1137 448 1218 flagitiorum
463 1140 662 1218 integumenta
675 1157 735 1197 non
746 1153 873 1217 querat,

187 1215 238 1276 sed
250 1217 281 1276 in
295 1219 462 1300 turpissimis
475 1217 560 1279 rebus
573 1217 801 1297 frequentissima
820 1234 874 1276 ce·

185 1296 341 1368 lebritate,
362 1297 393 1358 &
404 1297 559 1357 clarissimi
570 1297 635 1358 luce
655 1298 777 1358 laetetur.
804 1294 872 1357 Ve-

186 1379 250 1436 rum
266 1378 290 1436 si
301 1378 364 1458 quis
379 1375 419 1436 est
431 1422 440 1450 ,
451 1379 500 1458 qui
512 1379 597 1437 etiam
615 1380 779 1438 meretriciis
790 1397 873 1436 amo·

185 1457 262 1516 ribus
281 1457 463 1518 interdiilum
476 1454 620 1536 juventuti
637 1476 740 1538 putet3
762 1455 803 1518 est
823 1456 872 1517 ille

186 1537 306 1617 quidem
324 1537 411 1598 valde
438 1538 571 1598 severus:
595 1559 700 1620 negare
720 1559 780 1597 non
802 1558 871 1618 pos·

186 1637 276 1676 sum:
303 1615 352 1676 sed
375 1617 510 1677 abhorret
532 1637 592 1677 non
611 1619 702 1678 modd
725 1619 762 1676 ab
786 1615 871 1692 huius

186 1694 271 1756 seculi
290 1696 433 1771 licentia,
454 1700 558 1757 verbm
580 1700 665 1756 etiam
686 1720 703 1756 a
726 1696 870 1774 majorum
912 1720 917 1725 ·

186 1775 421 1848 consuetudine,
447 1794 533 1857 atque
556 1779 709 1837 concessis.
736 1777 868 1855 Quando

186 1858 264 1916 enim
288 1856 344 1915 hoc
357 1856 461 1916 fadum
476 1878 535 1916 non
550 1855 613 1916 est?
634 1857 750 1937 quando
766 1876 870 1935 repre·

179 1936 329 1996 -hensuml
354 1937 470 2017 quando
493 1957 553 1995 non
573 1935 758 2016 permissum?
778 1958 872 2015 quan·

186 2015 225 2077 do
249 2016 374 2095 denique
394 2016 466 2087 fuit,
483 2032 538 2089 ut,
554 2017 634 2096 quod
650 2017 736 2086 licet,
756 2037 816 2073 non
836 2016 870 2074 li·

186 2094 287 2155 ceret?
308 2095 365 2155 Hic
382 2116 438 2177 ego
455 2094 513 2174 jam
530 2116 592 2155 tem
604 2095 753 2155 definiam:
773 2095 873 2156 tnulie·

184 2195 247 2237 rem
266 2176 374 2234 nullam
390 2176 565 2235 nominabo:
588 2179 698 2236 tantum
716 2178 744 2236 in
764 2175 864 2236 medio

184 2255 358 2335 relinquam.

225 2353 276 2414 49.
304 2334 335 2395 si
354 2357 409 2474 oua
428 2356 489 2394 non
508 2353 598 2416 nupta
621 2337 724 2397 mulier
747 2336 869 2397 domum

183 2413 261 2474 suam
285 2432 353 2494 pate
367 2419 455 2476 eterit
477 2420 606 2476 omnium
626 2418 794 2496 cupiditati,
815 2437 870 2494 pa·

184 2493 374 2575 lamque-sese
391 2498 420 2554 in
439 2499 600 2555 meretricia
618 2501 677 2554 vita
699 2497 867 2566 collocarit3

183 2577 312 2634 vitorum
340 2576 577 2634 alienissimorum
602 2576 743 2633 conviviis
759 2576 799 2638 uti
821 2575 867 2631 in-

183 2653 323 2727 stituerit3
340 2658 363 2714 si
372 2656 428 2713 hoc
441 2656 469 2712 in
483 2656 573 2725 urbe,
590 2656 612 2711 si
625 2656 654 2712 in
670 2654 779 2725 hortis,
797 2655 818 2711 si
835 2656 864 2723 in

178 2733 318 2796 ,Baiarum
340 2735 386 2793 illa
401 2734 566 2794 celebritate
584 2731 670 2792 faciet
682 2753 691 2803 ;
703 2736 725 2791 si
739 2733 864 2814 denique

184 2815 223 2873 ita
240 2813 297 2874 sese
312 2831 414 2895 geret,
430 2836 490 2873 non
508 2811 612 2872 inceffu
628 2812 738 2885 solum,
756 2813 803 2873 sed
816 2837 866 2874 or-

183 2912 252 2957 natu
261 2938 271 2970 ,
286 2913 373 2976 atque
387 2897 547 2968 comitatu3
563 2915 623 2955 non
637 2894 781 3037 flagrsantia
796 2916 866 2968 ocu·

735 2998 762 3056 11]
