2117 3942
230 381 317 452 Prto
338 381 376 448 L.
397 380 520 448 cortu.
545 376 700 452 Briso.
742 398 814 476 313

134 494 208 558 Haec
226 494 291 555 sunt
310 494 410 576 proelia
427 493 584 555 Cornelii:
607 497 669 555 talis
689 499 717 555 in
739 517 821 557 rem-

133 577 282 659 publicam
305 573 430 634 nosttam
451 574 558 646 labor,
579 577 749 651 assiduitas,
774 578 820 636 di-

134 657 273 728 micatiu‚
288 657 379 714 virtus
395 654 480 734 digna
495 651 607 712 summo
624 659 820 736 imperatore,

122 735 200 817 ¹spes
226 756 282 816 pro
306 733 441 873 periculis
465 735 649 813 praemiorum
673 757 680 792 ε
702 740 820 817 premia

125 814 253 897 -quidcm
274 818 304 894 ip
317 837 334 872 a
354 834 414 871 non
437 811 547 871 suntin
567 811 629 890 ejus
647 813 748 892 fado,
771 819 822 900 qui

134 895 189 955 atde
211 911 257 954 tus
275 892 340 966 est,
359 892 454 952 sedin
473 889 556 972 ejus,
576 897 624 972 qui
641 894 730 955 dedit.

202 974 228 1035 l.
250 972 388 1034 Donatus
399 973 489 1052 'igitur
503 969 544 1030 est
562 975 605 1031 ob·
624 993 672 1033 eas
693 975 822 1039 causasa

134 1053 194 1116 Cu.
213 1054 358 1135 Pompeio
381 1055 519 1112 civitate:
540 1051 571 1110 id
594 1052 739 1114 accusator
761 1076 822 1117 non

133 1152 245 1217 negat3
271 1135 322 1196 sed
344 1131 530 1213 reprehendit
548 1153 556 1190 τ
574 1150 606 1192 ut
628 1135 657 1192 in
679 1132 823 1198 Cornelio

127 1214 217 1276 causa
229 1217 316 1296 ipsius
333 1216 492 1294 probetur,
512 1233 599 1295 poena
617 1232 758 1294 quaeratur
771 1237 780 1288 ;
793 1219 825 1278 in

127 1294 214 1357 -Pom
258 1297 288 1355 io
306 1294 388 1354 causa
409 1293 552 1365 laedatur,
574 1314 661 1375 poena
682 1298 717 1354 sit
735 1297 825 1358 nulla.

129 1374 183 1437 sic
225 1395 346 1447 atnam,
377 1377 416 1432 sic
443 1374 672 1433 innocentissimi
699 1375 825 1436 hominis

92 1530 96 1541 .
135 1455 289 1527 fortunas,
319 1452 537 1533 praestantissimi
559 1456 740 1535 imperatoris
760 1455 825 1516 fac·

137 1552 199 1597 tum
212 1534 402 1596 condemnari
416 1533 529 1593 volunt.
547 1532 625 1616 Ergo
640 1538 668 1594 in
684 1533 823 1615 judicium

136 1633 224 1699 caput
242 1613 396 1686 Cornelii,
414 1612 520 1673 fadum
532 1612 665 1693 Pompeii
680 1635 823 1678 vocatur:

127 1697 212 1757 bunc
230 1697 307 1755 enim
330 1696 358 1752 in
376 1713 411 1753 ea
429 1695 569 1765 civitate,
593 1695 622 1751 in
643 1699 749 1774 quasit
767 1719 825 1756 rra-

136 1794 204 1851 tus,
220 1771 423 1835 honestissimo
439 1773 508 1832 loco
525 1789 624 1831 natum
642 1773 698 1834 effe
714 1798 823 1837 conce-

136 1857 204 1930 dis,
232 1855 265 1914 &
286 1854 323 1913 ab
344 1855 461 1912 ineunte
482 1868 590 1924 mate,
613 1854 714 1912 relidis
736 1858 823 1915 rebus

132 1938 191 1996 -suis
218 1935 379 2006 omnibus,
407 1936 434 1990 in
460 1931 561 1990 nostris
586 1933 696 2005 bellis,
721 1934 823 1994 nostris

136 2037 205 2077 cum
225 2013 448 2095 imperatoribus
465 2010 521 2071 ess'e
538 2011 679 2070 versatum
697 2034 704 2070 ε
722 2017 823 2074 nuliius

85 2152 88 2157 .
136 2096 268 2166 laboris,
290 2092 392 2152 nullius
411 2092 594 2165 obsidionis,
613 2093 714 2151 nullius
729 2098 821 2174 proelii

134 2192 292 2257 expertem
316 2171 418 2233 fuiffe:
444 2172 504 2230 haec
529 2171 592 2230 sunt
616 2176 713 2232 omniu
731 2197 821 2256 quum

137 2257 226 2351 plena
245 2253 357 2324 laudis,
377 2270 440 2310 tum
454 2255 570 2332 propria
589 2249 745 2327 Cornelii,
768 2276 822 2316 nec

135 2358 168 2396 m
184 2336 229 2395 his
244 2335 331 2393 rebus
348 2334 457 2391 crimen
473 2331 513 2391 est
529 2332 629 2391 ullum.

177 2434 211 2492 7.
231 2414 294 2473 Ubi
316 2413 401 2493 igitur
423 2409 464 2470 est
486 2413 620 2471 crimen?
649 2413 727 2490 qubd
752 2431 822 2470 eutn

132 2494 298 2575 ¹Pompeius
320 2494 436 2552 civitate
458 2491 587 2551 donavit.
612 2489 823 2564 Huiuscemodi

141 2573 277 2637 crimen?
300 2571 416 2631 minime
439 2591 446 2628 :
467 2573 520 2628 nisi
543 2570 638 2628 honos
664 2571 824 2649 ignominia

142 2654 268 2736 putanda
284 2650 335 2712 est.
352 2649 444 2728 Cujus
457 2649 559 2731 igitur?
577 2650 680 2707 reveri
697 2649 822 2721 nullius;

144 2735 255 2795 afflone
272 2730 465 2801 accusatoris,
487 2728 550 2806 ejus
569 2731 674 2798 unius,
697 2731 745 2806 qui
764 2729 823 2789 do·

137 2818 243 2876 navit:
258 2813 310 2893 qui
328 2814 351 2871 si
366 2809 503 2870 addudus
519 2806 628 2888 gratid,
648 2810 740 2866 minbs
754 2810 824 2869 ido·

144 2914 229 2957 neum
257 2892 409 2952 hominem
436 2893 556 2971 praetuio
584 2886 746 2961 affeciffet3
774 2894 823 2972 qui

211 2978 313 3037 somus
335 2977 364 3036 V
366 2973 393 3036 I.
691 2967 722 3033 0
