2117 3942
274 354 374 425 Pno
398 353 550 425 Donro
575 372 679 426 sun.
765 357 810 451 85

160 470 365 535 transferebatur
388 489 396 529 a
423 471 549 532 senatum
576 472 702 535 consules
727 490 814 533 veta·

159 556 211 615 bant
234 575 243 614 :
274 551 420 612 columnae
447 572 613 614 marmoreae
642 575 677 614 ex
706 554 813 613 aedibus

158 638 236 708 ntis,
260 631 437 713 inspeelante
457 634 568 712 populo
588 635 719 695 Romano
740 679 750 708 ,
774 635 810 695 ad

157 716 249 776 socrum
272 710 398 773 consulis
419 714 624 792 portabantur:
645 717 672 774 in
693 715 810 775 t'undum

156 817 233 857 autem
258 795 350 855 vicini
374 791 496 852 consulis
518 815 577 854 non
601 796 687 855 modb
709 794 810 856 instru-

156 896 287 950 mentum,
304 892 356 933 aut
374 890 544 934 ornamenta
557 876 649 950 villa,
663 874 709 937 sed
720 880 807 937 etiam

156 960 254 1019 arbores
272 952 522 1015 transferebantur
541 976 553 1028 ·,
568 977 653 1037 quum
671 955 726 1037 ipsa
743 959 811 1019 villa

156 1060 198 1098 uon
219 1036 327 1119 ptaedae
351 1034 510 1115 cupiditate
534 1034 548 1116 (
569 1037 636 1117 quid
654 1040 729 1097 enirn
751 1058 810 1099 erat

156 1115 295 1199 predaei)
318 1114 372 1176 sed
393 1114 466 1175 odio
486 1116 518 1176 ὅ(
536 1117 699 1177 crudelitate
717 1116 812 1179 fundi·

156 1216 190 1259 tus
203 1214 383 1259 everteretur
402 1215 410 1253 :
432 1195 534 1255 domus
551 1197 666 1257 ardebat
681 1199 710 1256 in
730 1196 812 1257 Pala-

156 1282 254 1340 aionon
275 1277 433 1349 fortuito,
456 1274 505 1337 sed
530 1276 628 1337 oblato
651 1277 782 1339 incendio
804 1302 812 1339 ι

156 1360 262 1422 consules
280 1357 495 1440 epulabantur,
511 1357 543 1417 ὃ(
557 1359 584 1417 in
601 1356 812 1438 conjuratorum

156 1442 327 1517 gratulatione
350 1436 564 1511 versabantur,
585 1460 671 1519 quum
693 1439 761 1500 alter
784 1439 811 1501 se

156 1516 263 1583 Catilinae
280 1519 425 1590 delicias,
444 1518 515 1579 alter
526 1516 648 1602 Cethegi
665 1520 813 1582 consobri-

156 1623 202 1663 turn
213 1598 297 1663 fuisse
315 1599 440 1660 diceret.

178 1682 222 1763 63.
245 1680 337 1742 Hanc
363 1699 422 1761 ego
447 1680 538 1753 vim,
560 1679 732 1755 Pontifices,
756 1682 813 1743 hoc

156 1759 242 1836 belus,
258 1762 341 1821 bunc
358 1758 489 1819 furorem
503 1781 570 1821 meo
584 1783 705 1843 corpore
721 1785 815 1844 oppo-

164 1860 210 1917 tu,
228 1842 268 1903 ab
287 1843 425 1902 omniurn
439 1841 582 1901 bonorum
599 1843 751 1903 cervicibus
764 1846 815 1904 de·

169 1924 194 1987 lli
202 1970 215 1999 ‚
230 1941 421 2001 omnemque
440 1923 580 1998 impetum
596 1923 815 1998 discordiarum,

175 2026 255 2069 mern
274 2004 327 2065 diu
349 2000 504 2063 colleilam
522 2002 582 2059 vim
600 2002 817 2081 improborum,

180 2088 379 2151 litavetetata
391 2127 400 2156 ‚
419 2079 581 2160 comprello
601 2082 668 2142 odio
680 2100 763 2164 atque
775 2103 818 2144 ta-

186 2188 221 2255 r,
230 2164 295 2251 jam
315 2161 514 2244 erumpebat,
532 2160 610 2222 naila
623 2180 679 2223 tarn
697 2165 817 2227 audaces

236 2294 249 2325 ,
265 2248 378 2329 excepi
394 2263 465 2305 meo
486 2264 630 2323 corpore:
649 2247 677 2304 in
693 2267 738 2307 rne
758 2269 816 2309 uno

330 2361 334 2368 -
420 2339 421 2342 ’
445 2333 459 2340 ”
503 2351 515 2396 g
526 2327 642 2384 ·anibus
655 2327 820 2400 tribunitiis3

529 2406 690 2483 'quondam
707 2408 822 2466 retude-

574 2484 599 2542 =a
622 2487 677 2543 tela
699 2485 822 2545 adhaese-

585 2564 683 2623 issimis
692 2569 757 2624 viris
767 2567 824 2646 pla·

594 2692 596 2697 .
611 2643 755 2707 decertare
766 2669 822 2708 vo·

590 2725 688 2784 lanima
704 2727 823 2791 interne·

580 2824 671 2865 tamen
690 2809 791 2869 civium
811 2833 821 2884 ;

576 2885 658 2961 ibus,
674 2892 749 2972 quod
769 2894 825 2953 illis
