2117 3942
185 389 278 464 320⁴
408 365 630 436 Onnnto

183 500 290 565 genere
305 479 335 541 &
349 478 473 540 fortunae
487 480 575 562 gradu
589 500 649 538 non
659 479 752 540 mode
772 479 878 540 amicis

184 569 258 634 tias,
274 563 305 621 &
315 563 356 620 rei
369 560 513 620 familiaris
525 563 623 640 copias
639 559 796 620 consecuta
811 558 876 635 est,

185 642 234 702 sed
251 641 388 701 summam
407 641 522 700 laudem
534 685 544 712 ,
555 641 682 700 honores
694 685 704 714 ,
724 641 871 721 gloriam,

187 723 378 802 dignitatem
397 743 458 780 non
477 720 568 780 intelli
589 741 628 793 o,
647 741 696 779 cur
708 722 807 800 potius
825 723 877 780 in-

186 802 265 860 vidia
278 802 419 861 violatura
429 741 611 862 virturemi.
623 798 774 874 Cornelii,
787 799 878 881 quam

187 884 306 962 aequitas
321 879 415 941 vestra
430 881 571 961 pudorem
589 878 651 958 ejus
672 878 807 958 adjutura
824 883 878 941 vi-

189 962 301 1023 deatur.
323 960 444 1041 Itaque,
465 960 544 1041 quod
565 960 688 1019 maxime
710 960 876 1041 petendum

190 1041 253 1116 est,
271 1063 287 1101 a
303 1042 388 1102 vobis
408 1041 516 1100 idcirco
534 1061 594 1100 non
615 1057 713 1120 peto,
733 1039 879 1118 Iudices,

191 1143 231 1182 ne
252 1122 288 1182 de
308 1119 401 1182 vestra
425 1119 590 1201 sapientia,
613 1136 699 1198 atque
720 1119 758 1180 de
782 1117 881 1180 vestra

192 1202 369 1267 humanitate
381 1201 510 1261 dubitare
524 1200 633 1260 videar.
651 1197 699 1258 Est
713 1217 813 1259 autem
827 1219 882 1280 pe·

193 1281 334 1354 tendum,
355 1302 392 1341 ne
413 1281 530 1341 oderitis
546 1281 715 1362 ingenium,
735 1299 773 1340 ne
786 1281 882 1347 inimi·

194 1365 221 1421 ci
241 1364 299 1420 sitis
319 1359 476 1433 industriae,
496 1380 533 1419 ne
551 1361 761 1419 humanitatem
774 1363 879 1440 oppri-

194 1441 358 1514 mendam,
380 1461 417 1501 ne
435 1443 574 1501 virtutem
592 1439 768 1520 puniendam
786 1458 877 1520 pute-

95 1553 100 1565 ·
192 1525 248 1580 tisr
268 1520 338 1579 illud
358 1538 455 1601 peto,
473 1535 524 1591 ut,
543 1522 565 1578 si
587 1519 699 1579 causam
717 1518 807 1600 ipsam
825 1540 881 1600 pet

193 1601 223 1661 se
244 1598 356 1664 firmam
375 1599 430 1662 esse
452 1600 485 1662 ὃ(
504 1600 635 1660 stabilem
651 1599 803 1673 videritis,
822 1601 885 1660 ho-

194 1683 280 1740 minis
300 1681 386 1761 ipsius
407 1697 576 1741 ornamenta
595 1677 765 1759 adjumento
793 1680 885 1740 causae

195 1762 293 1842 potius
308 1807 317 1833 ,
336 1762 422 1842 quam
443 1762 676 1842 impedimento,
694 1759 750 1820 esse
766 1761 884 1821 malitis.

195 1869 197 1873 ⁴
237 1840 341 1901 VIII.
363 1841 513 1914 Nascitur,
534 1841 670 1912 Judices,
695 1839 778 1899 causa
801 1839 885 1902 Cor-4

198 1922 267 1983 nelii
277 1942 356 1983 exea
367 1923 544 2004 lege‚quam
554 1921 588 1980 L.
599 1918 888 1993 Gellius,Cn.Cor··

199 2004 289 2063 nelius
309 2024 344 2064 ex
364 2003 476 2064 senatus
499 2001 637 2062 sententia
655 2000 780 2060 tulerunt
798 2021 808 2073 ;
828 2001 887 2082 quai

200 2082 266 2163 Iege
284 2084 433 2155 videmus,
447 2083 509 2143 satis
526 2080 582 2143 effe
595 2081 719 2141 saniium
730 2125 740 2151 ,
751 2082 792 2139 uti
804 2084 885 2141 cives

201 2161 330 2221 Romani
350 2167 405 2223 sint
427 2166 473 2236 ii,
495 2185 568 2242 quos
590 2160 646 2221 Cn.
668 2160 827 2241 Pompeius
849 2161 887 2221 de

200 2243 313 2301 consilii
327 2241 468 2303 sententia
480 2245 521 2301 sin
543 2243 642 2301 illatim
658 2244 774 2300 civitate
789 2241 887 2301 dona-

201 2323 287 2380 verit.
315 2319 467 2382 Donatum
488 2342 504 2382 e
528 2343 544 2381 e
566 2322 599 2380 L.
620 2319 792 2381 Cornelium
811 2342 889 2401 prae-

202 2399 266 2460 sens
284 2399 437 2481 Pompeius
453 2401 541 2473 dicit,
557 2401 682 2466 indicant
697 2401 822 2481 publicae
839 2418 887 2460 ta-

201 2481 298 2555 bulae;
316 2479 461 2541 accusator
478 2480 602 2545 fatetur:
617 2479 667 2542 sed
684 2501 720 2541 ne
742 2497 770 2539 at
783 2501 820 2541 ex
829 2481 895 2541 foe-·
920 2508 921 2513 ¹

203 2563 305 2622 detato
324 2563 435 2644 populo
473 2583 628 2642 nemquam
644 2562 726 2641 potui
749 2579 786 2634 e,
800 2562 886 2620 nisiis

203 2644 328 2723 populus
342 2643 446 2705 fundus
453 2583 547 2705 iatius
558 2641 627 2706 effer
637 2645 684 2715 ‚in
702 2641 776 2701 hanc
788 2643 888 2703 civita·

206 2738 267 2782 tem
285 2727 396 2785 venire.
793 2775 797 2783 .
892 2773 896 2781 .

250 2819 297 2862 πο.
326 2802 356 2864 O
381 2802 549 2883 praeclarum
573 2807 763 2881 interpretem
790 2797 859 2879 juris
876 2798 903 2859 i‘

207 2879 352 2946 autorem
368 2884 558 2966 antiquitatis!
576 2881 770 2947 cortesiorern
780 2925 790 2956 ‚
802 2897 887 2963 atque
