2117 3942
185 403 263 500 '248
333 451 338 461 ·
422 401 637 473 ormo
698 350 699 353 Ἴ

186 535 293 580 corum·
305 515 421 578 suorum
439 519 648 598 oppugnavit,
673 516 779 578 excidit
799 562 808 591 ‚
827 519 878 578 in·

186 598 306 668 cendit,
326 600 375 677 qui
391 597 506 678 stipatus
528 599 589 658 sem
612 618 643 657 er
660 599 788 671 sicariis,
807 599 877 680 sep-

187 676 388 757 tuc‘ar'tnatr's-,
409 680 534 737 munitus
551 619 692 737 inriicibus
709 676 784 751 suit,
797 700 877 758 quo-

185 773 251 816 tum
271 757 358 818 hodie
377 760 463 839 copia
482 757 646 830 redundat,
663 760 712 837 qui
733 759 766 816 δι
790 778 878 838 pere·

186 839 299 918 grinam
319 859 437 897 manum
449 835 677 897 facinorosorum
694 839 876 912 concitavit,

186 919 222 977 &
240 915 339 978 servos
359 918 395 977 ad
414 918 525 978 caedem
543 917 667 978 idoneos
688 919 778 990 emit,
792 919 824 978 &
844 919 876 978 in

186 997 332 1057 tribunatu
352 1019 498 1058 carcerem
513 1014 609 1056 totum
629 999 658 1056 in
681 996 780 1057 forum
800 995 875 1058 effu-

188 1075 254 1151 dit,
270 1078 499 1149 volitataedilis3
517 1075 627 1140 accusat
645 1096 734 1149 eum,
752 1080 803 1158 qui
821 1077 877 1137 ati.

189 1178 247 1238 qua
265 1174 394 1239 exparte
406 1156 467 1238 ejus
478 1156 608 1217 furorem
618 1155 807 1216 exsultantem
823 1177 874 1217 re·

116 1246 117 1249 ’
187 1239 311 1319 pressit:
331 1238 398 1309 hic,
419 1237 510 1323 quise
531 1234 573 1298 est
585 1253 692 1295 tutatus
714 1239 773 1310 sic,
794 1254 826 1296 ut
844 1239 873 1296 in

187 1318 301 1408 privata
317 1337 347 1377 te
359 1318 430 1378 deos
445 1317 566 1398 penates
580 1314 664 1389 suos,
681 1319 711 1374 in
725 1318 873 1396 republica

186 1416 250 1477 Jura
268 1396 432 1456 :tribunatius
458 1396 637 1476 auspiciaque
665 1395 874 1470 defenderet,

186 1475 320 1541 accusare
335 1497 401 1536 eum
419 1477 591 1549 moderate,
609 1497 625 1534 a
642 1496 700 1554 quo
717 1475 777 1556 ipse
793 1475 875 1537 nefa·

183 1556 229 1619 tie
243 1556 404 1631 accusatur,
414 1577 467 1638 pet
479 1555 592 1616 senatirs
604 1556 805 1618 ausioriratem
814 1578 873 1617 nou

189 1633 231 1698 est
250 1638 328 1697 situs.
470 1678 473 1688 ι
670 1699 676 1711 ,

230 1715 281 1795 96.
301 1716 443 1775 Nimirum
455 1716 514 1775 hoc
526 1715 597 1775 illud
609 1713 669 1789 est,
682 1716 763 1797 quod
776 1717 813 1778 de
825 1735 873 1777 me

188 1797 372 1878 potissimum
384 1815 414 1855 tu
429 1798 458 1854 in
469 1797 646 1856 accusatione
659 1795 797 1876 quaesisti,
810 1819 871 1878 quae

187 1875 261 1939 esset
285 1876 381 1937 nostra
401 1877 480 1937 nar'io
498 1878 707 1957 optimatium:
732 1880 773 1936 sic
795 1879 872 1938 enim

188 1957 293 2018 dixisti.
319 1957 398 2018 Rem
419 1959 523 2039 ,quaeris
544 1957 707 2037 praeclaram
729 1954 872 2036 juventuti

188 2037 230 2098 ad
246 2037 429 2112 discendum,
440 2039 582 2100 necmiiri
597 2035 745 2096 difficilem
755 2038 793 2097 ad
809 2058 874 2119 pet·

188 2117 376 2185 docendum:
387 2117 746 2200 dequapauca‚Judices,
759 2119 872 2191 dicam3

191 2196 246 2269 &‚
262 2215 294 2257 ut
309 2199 451 2271 arbitror,
470 2219 525 2258 nec
545 2198 581 2257 ab
600 2197 722 2257 utilitate
742 2218 873 2271 eorum,

187 2279 239 2356 qui
262 2277 379 2338 audient
394 2316 410 2351 ,·
424 2298 479 2338 nec
503 2278 538 2336 ab
558 2276 655 2338 officio
674 2275 796 2352 nostro,
819 2299 873 2339 nec

184 2356 226 2417 ab
246 2355 305 2438 ipsa
323 2356 403 2419 causa
423 2357 455 2417 P.
474 2357 564 2418 Sextii
585 2359 753 2419 abhorrebit
777 2362 873 2420 oratio

188 2456 267 2499 mea.
321 2488 323 2492 .
350 2486 351 2491 ,
496 2486 504 2495 .
863 2462 868 2481 ¹
890 2462 893 2465 ¹

186 2523 193 2576 i
229 2516 339 2580 XLV.
358 2515 430 2578 Duo
442 2537 549 2600 genera
563 2516 676 2599 semper
689 2520 718 2577 in
733 2519 789 2579 hac
805 2520 875 2579 civi·

185 2614 252 2659 tate
269 2598 385 2660 suerunt
403 2619 526 2670 eorum,
543 2601 592 2678 qui
612 2597 717 2658 versari
733 2602 762 2658 in
784 2621 875 2680 repu-

113 2697 116 2706 ⁴
185 2677 268 2737 blica
285 2696 403 2760 ‚atque
422 2681 451 2739 in
467 2678 542 2739 ease
564 2678 751 2738 excellentius
770 2699 874 2760 gerere

184 2755 355 2818 studuerunt
374 2780 384 2832 3
404 2759 506 2840 quibus
523 2779 559 2818 ex
577 2760 729 2840 generibus
744 2761 828 2819 alteri
844 2759 874 2820 se

183 2856 230 2918 po
253 2837 363 2912 ulares,
382 2839 462 2900 alteri
482 2840 688 2918 optimates&
713 2839 814 2898 haberi
841 2842 874 2899 &

185 2857 250 2980 ‹ssep
263 2918 437 2982 voluerunta¹
452 2917 515 3001 Qui
534 2939 592 2994 ea,
612 2939 676 3001 quae
697 2917 844 2981 faciehant
863 2964 875 2994 ,

317 3045 322 3054 ι
345 3048 349 3054 .
