2117 3942
267 362 320 455 96
422 382 425 395 ·
473 359 584 428 Ona
603 376 656 428 rt
670 379 694 427 o
754 374 756 378 ’

265 494 322 535 nec
339 471 462 554 denique
481 473 609 533 universi
628 470 730 552 populi
748 470 875 532 Romani
893 493 951 552 po·

266 553 373 627 tellas,
389 574 453 635 quae
473 553 576 613 ceteris
590 555 621 613 in
638 555 724 614 rebus
743 552 784 613 est
801 555 949 628 maxima,

266 633 437 699 labefatlare
455 634 558 714 possit.
853 708 855 713 Ι

307 712 356 775 81.
371 715 413 776 At
431 731 462 778 tu
482 716 571 774 etiam
580 719 593 787 ,'
603 729 722 794 ereptor
742 713 885 786 civitatis,
903 712 951 773 le·

265 814 334 876 gem
355 794 393 854 de
414 792 521 871 injuriis
539 793 659 874 publicis
680 791 765 852 tulisti
790 793 949 874 Anagnino

262 875 361 936 nescio
376 876 422 934 cui
437 873 566 935 Menulae
578 918 588 947 ,
600 893 654 954 per
669 874 813 955 gratiam,
831 876 880 954 qui
896 874 950 932 tibi

264 956 306 1016 ob
321 974 386 1016 eam
399 955 496 1037 legem
508 953 628 1014 slatuam
642 956 671 1012 in
685 957 757 1014 meis
769 953 877 1014 aedihus
891 974 948 1034 po·

262 1035 339 1111 suit,
353 1053 386 1096 ut
403 1036 485 1096 locus
503 1033 562 1115 ipse
577 1037 611 1112 in
625 1050 677 1094 tua
693 1050 774 1093 tanta
787 1031 890 1112 injuria
904 1033 949 1094 le·

264 1137 333 1199 gem
357 1114 629 1196 &inscriptionem
653 1114 749 1174 statuae
774 1113 945 1191 refelleret:

263 1216 328 1282 quae
345 1216 392 1256 res
407 1195 598 1274 municipibus
618 1193 685 1255 Ana
707 1197 780 1254 ninis
799 1196 947 1254 ornatissi-

263 1280 317 1336 mis
333 1276 424 1335 multb
443 1273 549 1354 majori
569 1273 666 1334 dolori
714 1278 756 1348 it,
774 1295 861 1355 quam
883 1294 953 1355 quae-

263 1357 341 1417 idem
350 1357 398 1415 ille
409 1355 551 1437 gladiator
559 1352 665 1415 scelera
674 1354 815 1437 Anagniae
824 1354 947 1417 fecerat.

302 1435 416 1496 XXXI.
434 1435 518 1515 Quid
538 1436 583 1508 si,
603 1454 641 1495 ne
664 1433 801 1517 scriptum
821 1434 947 1518 ⁴quidem

260 1515 298 1576 us
332 1536 379 1576 am
402 1513 486 1595 estin
505 1511 556 1574 ista
573 1513 633 1594 ipsa
646 1516 825 1598 rogatione,
854 1536 944 1598 quam

260 1537 432 1658 sellulas
443 1611 530 1677 negat
541 1593 648 1656 scivisse
659 1616 670 1668 3
681 1611 713 1656 tu
724 1595 826 1675 hujus,
838 1613 870 1670 ut
882 1595 955 1658 ada·

263 1679 305 1751 tui
326 1678 455 1757 preclari
473 1675 632 1746 tribunatds
654 1677 778 1736 hominis
805 1677 954 1763 dignitate·

259 1748 658 1830 cohonestes,audoritatem
669 1756 945 1836 amplesterisised,

262 1839 376 1899 tametsi
392 1836 461 1897 nihil
477 1836 514 1909 de
529 1856 578 1896 me
593 1833 699 1909 tulisti,
712 1838 771 1917 qul>
787 1839 883 1897 minus
902 1858 951 1898 es·-

261 1918 322 1980 sem
341 1940 403 1980 uon
427 1916 520 1977 modb
543 1919 573 1976 in
597 1918 701 1976 civium
723 1935 873 1992 numero,
895 1916 945 1980 sed
982 1912 985 1949 ²

261 2002 348 2060 etiam
364 2002 394 2059 in
409 2017 447 2059 eo
462 1999 532 2059 loco
543 2043 554 2069 ,
566 1999 596 2055 in
614 2017 673 2077 quo
689 2017 737 2057 me
748 1997 952 2080 honores.po·-
979 2016 982 2025 ·

261 2082 321 2159 puli
333 2079 461 2139 Romani
474 2078 692 2138 collocaverunt
704 2097 714 2150 ;
725 2094 863 2139 tamenne
876 2099 950 2155 eunt·
978 2068 985 2133 l

259 2159 310 2217 tui
329 2178 405 2218 voce
428 2159 579 2231 violabis,
600 2176 690 2239 quem
708 2157 774 2238 post
801 2157 944 2221 nefarium
977 2154 985 2201 l

261 2235 350 2297 scelus
362 2236 510 2297 consulum
525 2237 723 2317 superiorum,
737 2255 782 2299 tot
796 2239 882 2300 vides
897 2238 949 2319 ju·-
977 2238 984 2283 l

259 2316 338 2379 diciis
351 2316 485 2391 senariis,
498 2318 601 2398 populi
619 2317 763 2393 Romani,
778 2321 866 2380 totius
884 2318 948 2381 lsaiv

258 2397 305 2457 liae
327 2395 531 2458 honestatum?
552 2418 699 2479 quemne
719 2417 783 2458 tum
801 2399 943 2480 quidem,
974 2384 985 2452 l

260 2498 351 2560 quum
366 2478 502 2551 aberam,
517 2498 625 2558 negare
639 2498 755 2558 poteras
770 2477 825 2540 elle
838 2479 889 2539 tui
899 2480 945 2541 le·
973 2490 985 2553 ΙΙ

259 2578 297 2639 ge
312 2557 496 2618 senatorem?
509 2558 570 2617 Ubi
587 2560 665 2617 enim
682 2560 807 2634 tuleras,
825 2577 857 2619 ut
871 2560 942 2620 mihi
971 2568 985 2617 t

257 2638 331 2718 aqui
354 2639 387 2700 &
408 2640 468 2720 igni
486 2637 725 2701 interdiceretur?
740 2640 826 2721 ¹quod
845 2637 942 2700 Graci·
970 2650 985 2697 ι

255 2719 326 2776 chus
339 2719 376 2779 de
389 2718 421 2779 P.
436 2717 549 2800 Popilio
562 2764 571 2792 ,
582 2716 751 2779 Saturninus
763 2720 800 2797 de
813 2720 941 2782 Metello
967 2714 985 2779 'h

257 2796 340 2856 tulit:
355 2799 487 2860 homines
501 2798 705 2860 seditiosissimi
722 2801 759 2860 de
775 2802 893 2881 optimis
904 2821 940 2863 ae
967 2812 973 2855 ἱ

255 2871 416 2942 fortissimis
435 2878 546 2943 civibus
562 2900 645 2953 non,
664 2897 695 2941 ut
713 2879 782 2944 ellet
799 2877 940 2943 interdic·
960 2888 985 2957 ΙΙ

851 2977 937 3045 tum,
962 2960 985 3021 b

961 3054 985 3101 l.
