2117 3942
287 395 694 468 PuoP.err1o.
757 410 833 492 ²¹9

141 511 245 572 ermari
267 509 410 570 exercitus
430 527 573 573 terrorem
594 528 727 592 opponet
745 530 834 597 toga·

140 594 176 651 tis
183 612 196 664 3
213 609 311 671 neque
322 589 455 671 eritjusta
471 591 552 652 causa
567 593 603 651 ad
614 610 713 672 portas
728 591 834 654 sedeo,

141 674 164 732 ri
183 673 373 752 imperatori,
392 692 481 767 quare
500 689 642 732 terrorem
660 671 741 732 suum
753 673 831 757 falsu

140 751 239 832 instari
261 795 272 825 ‚
298 770 469 833 oppomque
482 753 644 889 ¹patiamur
672 773 830 835 numquam

141 833 219 892 euim
233 833 290 891 erit
308 847 368 889 tam
387 852 480 912 oppre
504 853 537 889 us
550 831 682 904 senatus,
697 850 728 892 ut
742 837 777 894 ei·
789 854 830 897 ne

140 909 320 993 supplicandi
330 912 449 991 quidem
460 932 494 970 ac
505 911 625 992 lugendi
636 913 672 971 sit
685 912 829 992 poteslas}

140 1006 197 1052 nm
215 1008 319 1072 captus
333 992 465 1072 equester
480 992 577 1065 ordo,
596 1009 627 1052 ut
644 995 756 1072 equites
767 994 829 1055 Ru·

139 1073 216 1132 mani
241 1093 259 1131 a
281 1069 399 1132 consule
422 1073 598 1154 relegentur.
631 1071 708 1150 Quae
737 1072 828 1153 quum

140 1153 260 1225 omnia,
282 1167 370 1232 atque
391 1154 479 1212 etiam
500 1153 591 1212 multb
612 1151 667 1210 alia
690 1149 828 1230 ιιιὲιῇοη,Ι

138 1252 201 1374 ΣΞ
213 1230 348 1293 consultu
364 1251 524 1312 praetereo,
541 1230 721 1305 accidissent,
734 1232 829 1295 vidiu·

214 1332 268 1373 me
282 1330 382 1372 tamen
392 1317 422 1371 in
432 1311 578 1395 pristinam
592 1332 689 1373 meam
704 1313 828 1396 dignita·

138 1408 197 1454 tem
213 1439 226 1465 ,
251 1393 335 1453 brevi
358 1395 498 1473 temporis
518 1393 624 1454 dolore
646 1392 827 1473 interjeero,

137 1475 175 1535 rei
197 1473 304 1533 ubllcae
320 1493 397 1533 voce
412 1472 468 1534 elle
482 1491 661 1535 revocatum.
767 1497 769 1502 ·
820 1480 825 1503 ¹

206 1551 294 1613 xlv.
314 1551 392 1626 Sed,
407 1570 577 1614 urrevertat
592 1554 630 1614 ad
641 1553 710 1614 illud
720 1599 730 1626 ,
740 1552 825 1636 quod

136 1633 202 1694 mihi
217 1636 249 1692 in
263 1634 317 1692 hac
327 1635 408 1692 omni
424 1630 465 1694 est
475 1637 608 1695 oratione
620 1637 823 1715 propositum,

85 1742 88 1751 ·
135 1715 271 1774 omnibus
291 1714 373 1772 malis
395 1713 445 1774 illo
467 1735 563 1788 anno,
585 1714 692 1774 scelere
715 1715 823 1776 consu-

134 1791 213 1869 lum,
238 1794 449 1875 rempublicam
472 1793 529 1854 elle
547 1794 736 1866 conseilam3
780 1799 822 1855 ri·

134 1877 212 1935 mum
231 1875 283 1934 illo
300 1873 362 1954 ipso
374 1874 441 1946 die,
456 1877 505 1954 qui
519 1877 588 1933 mihi
606 1873 731 1934 funestus
747 1817 818 1948 ὧι,

134 1956 268 2016 omnibus
285 1956 370 2015 bonis
389 1953 550 2025 lueluosus,
565 1976 654 2034 quum
668 1975 684 2014 e
706 1977 725 2012 ο
741 1975 818 2016 mee

134 2055 196 2097 cum
219 2037 288 2095 lexu
307 2037 405 2116 parriae
422 2033 635 2114 conspeSluque
649 1975 745 2094 vellro
758 2036 819 2095 eri-

153 2058 270 2189 nullm,
286 2116 318 2176 &
329 2131 409 2175 metu
422 2114 509 2174 vestri
518 2115 637 2196 periculi
647 2138 659 2185 ,·
669 2135 729 2174 non
740 2117 817 2191 mei,

133 2134 217 2255 litori
234 2196 361 2255 hominis
381 2240 390 2267 ‚
411 2195 509 2255 sceleri
528 2241 538 2267 ,
557 2193 706 2276 perfidiae,
729 2195 814 2270 telis,

133 2276 271 2358 minisque
290 2274 452 2349 cessillem3
467 2279 667 2356 patriamque,
681 2297 743 2356 quae
759 2280 815 2337 mi·

133 2353 160 2415 hi
185 2373 247 2416 erat
273 2359 436 2427 carissima,
459 2377 579 2436 propter
603 2358 690 2436 ipsius
713 2361 813 2437 patriae

134 2439 278 2497 caritatem
298 2435 485 2517 reliquillem:
503 2458 591 2518 quum
610 2457 710 2496 meum
730 2436 813 2497 illum

134 2515 220 2577 rasum
233 2533 296 2576 tam
310 2518 498 2588 horribilem,
516 2537 577 2576 tam
593 2536 712 2597 gravem
728 2530 812 2586 ‚ram

133 2600 332 2678 repentinum,
347 2618 407 2656 non
422 2597 512 2657 solum
524 2597 659 2654 homiues
669 2640 679 2666 ,
691 2593 741 2653 sed
750 2611 812 2653 rec·

133 2690 157 2735 la
174 2677 250 2738 urbis
269 2699 303 2737 ac
324 2678 434 2758 templa
455 2677 605 2757 lugerent:
627 2694 716 2734 nemo
736 2693 809 2734 ves-

132 2756 200 2816 trim
218 2756 338 2830 forum,
354 2778 444 2818 nemo
459 2759 586 2827 curiam,
604 2775 693 2814 nemo
710 2754 807 2817 lucem

86 2834 89 2867 ¹
132 2836 271 2919 adspicere
292 2839 398 2898 vellet:
413 2837 487 2911 illo,
508 2838 644 2916 inquam,
658 2833 719 2914 ipso
739 2834 806 2910 die,

86 2904 89 2945 ¹
131 2916 171 2981 die
185 2918 271 2981 dico?
286 2921 380 2983 immo
392 2918 483 2994 horu,
497 2934 584 2999 atque
597 2918 682 3056 etlipm
695 2916 803 2997 puullo

86 3018 88 3035 l
662 3015 682 3077 Ι]
