2117 3942
284 392 383 462 Pno
406 392 449 467 P.
471 396 678 468 Samo.
745 396 822 490 269

132 502 200 587 post
209 503 340 566 Romam
352 507 499 569 conditam
510 507 617 570 fadum
629 508 671 570 est
680 555 690 585 ‚
700 526 731 570 ut
741 508 823 571 litte·

133 589 171 663 ris
184 584 385 648 consularibus
398 608 435 649 ex
448 588 706 664 senatusconsulto,
721 590 823 652 cundia

135 685 171 727 ex
180 664 268 727 Italia
278 711 289 741 ,
301 688 405 739 omnes
415 712 425 743 ,
435 671 484 750 qui
497 689 559 730 rem
581 670 705 731 ublicam
713 670 822 731 salvam

134 746 272 823 redient,
286 766 532 810 convocarentur.
553 692 648 828 &uod
666 770 823 832 numquam

134 825 249 889 senatus
260 829 291 887 in
304 828 445 889 universae
457 827 622 910 reipublicae
630 831 759 911 periculo
771 829 823 891 de·

135 909 248 981 crevit,
260 907 292 967 id
312 910 343 968 in
354 910 437 969 unius
448 910 515 970 mea
525 908 614 971 salute
623 908 820 991 conservanda

135 976 356 1065 decernendum
375 992 499 1069 putavit.
520 976 623 1128 quem
638 992 715 1049 cutia
731 991 822 1072 magis

135 1066 312 1207 repuisivit?
348 1087 415 1128 uem
428 1068 525 1129 forum
548 1068 630 1129 uxit?
644 1089 732 1151 quem
742 1069 824 1150 aequ?
912 1084 916 1090 '

135 1149 195 1289 igsa
223 1089 396 1208 tribundiia‘
411 1149 682 1209 desideraverunt?
712 1147 825 1210 Omnia

149 1228 164 1305 j
176 1224 256 1301 ceiiu
269 1247 339 1289 meo
352 1226 482 1303 deserta,
496 1228 634 1303 horrida,
648 1247 746 1302 muta,
760 1228 836 1310 ple-,-

138 1327 174 1369 ua
192 1304 287 1367 luetur
305 1351 317 1381 ,
336 1308 369 1369 &
385 1311 517 1368 moeroris
534 1308 660 1370 fuerunt.
685 1308 761 1389 Quis
782 1304 824 1369 est
892 1302 897 1313 ⁸

136 1384 228 1453 ltaliae
245 1386 350 1463 locus,
365 1388 396 1447 in
409 1409 468 1469 quo
486 1409 546 1448 non
558 1387 699 1449 fixum-sit
717 1390 746 1448 in
768 1408 826 1470 pu·
867 1422 870 1427 ·

136 1466 219 1545 lulicis
244 1472 442 1528 monumentis
465 1466 587 1530 studium
608 1468 700 1531 salutis
721 1489 823 1546 meae,
919 1487 923 1493 ·

138 1544 336 1627 teffimonium
354 1548 518 1630 dignitatis?

149 1678 154 1687 .
178 1624 274 1689 LXI.
296 1626 376 1688 Nam
388 1627 458 1710 quid
474 1649 531 1711 ego
546 1628 594 1690 illa
609 1626 646 1691 de
665 1649 713 1691 me
724 1629 823 1690 divina

136 1704 380 1783 senatusconsulta
400 1708 653 1770 commemorem?
672 1709 722 1771 vei
781 1708 823 1770 od

138 1789 168 1849 iu
197 1788 315 1868 templo
341 1787 435 1853 Jovis
449 1790 553 1870 optimi
579 1791 694 1848 maximi
716 1786 743 1848 fa
772 1809 823 1849 um

139 1864 201 1941 est,
219 1887 310 1949 quum
327 1869 371 1928 vir
387 1870 430 1941 is,
446 1870 495 1949 qui
506 1870 659 1948 tripartitas
673 1868 751 1927 orbis
763 1884 824 1927 ter·

139 1967 235 2007 rarum
258 1969 324 2007 oras
337 1965 434 2028 atque
453 1952 589 2028 regiones
609 1949 698 2007 tribus
719 1949 824 2006 trium-

158 2026 203 2087 hia
221 2025 373 2105 adjunctas
391 2029 457 2087 huic
478 2029 604 2109 imperio
625 2029 762 2098 notavit,
784 2024 823 2087 de

139 2048 242 2189 dempto
263 2107 403 2167 sententia
424 2105 519 2180 dicta,
539 2107 609 2166 mihi
626 2111 674 2166 uni
694 2105 827 2183 ιείὶὶιιιο·Ι

140 2188 218 2253 nium
236 2189 337 2268 patriae
353 2182 528 2246 consefvarae
546 2187 648 2247 dedit?
667 2185 747 2267 cujus
759 2184 831 2264 sen·¹

140 2267 262 2327 tentiam
283 2268 324 2326 ita
346 2265 591 2347 frequentissimus
607 2267 718 2327 senatus
740 2266 828 2341 secu-¹

124 2346 184 2421 ius
201 2344 264 2420 est,
284 2362 318 2405 ut
334 2367 407 2405 unus
430 2344 585 2408 dissentiret
607 2347 695 2408 hostis
705 2369 715 2420 ;
733 2348 823 2427 idque

141 2422 231 2507 ipsum
261 2425 365 2499 tabulis
396 2427 517 2505 publicis
546 2427 757 2499 mandaretur,
786 2425 825 2484 ad

143 2506 315 2567 memoriam
350 2503 434 2565 osteri
446 2509 586 2587 temporis
600 2506 822 2585 sempiternam:

85 2622 87 2629 ·
114 2603 117 2607 ·
142 2584 189 2665 rel
228 2585 291 2646 uod
305 2527 347 2645 ei?
383 2584 498 2646 ostridie
514 2587 663 2646 decretum
678 2587 708 2643 in
726 2586 803 2643 curia
812 2628 825 2655 ,

142 2606 242 2747 popidi
259 2666 349 2745 ipsius
362 2607 513 2737 idomani,
531 2666 563 2725 &
579 2683 704 2736 eorum,
725 2664 774 2743 qui
788 2670 826 2747 en

85 2748 89 2773 '⁸
142 2747 303 2826 municipiis
330 2761 561 2816 convenerant,
583 2743 762 2822 admonitu,
786 2764 823 2805 ne

143 2826 204 2907 quis
227 2826 265 2885 de
286 2825 365 2887 coelo
385 2823 538 2896 servaret3
563 2843 600 2884 ne
623 2826 685 2904 quis
711 2845 824 2887 motam
918 2898 920 2901 ¹

142 2894 231 2971 ullam
244 2900 379 2969 afferret:
398 2906 422 2967 si
437 2907 499 2990 quis
515 2904 597 2966 aliter
610 2901 740 3047 feffiidm,
756 2902 824 2995 eun't¹

510 3025 512 3028 ⁴
685 3007 714 3066 il]
