2117 3942
184 344 268 429 300
346 358 363 399 ,-
411 325 637 421 orario
683 358 723 401 .-

184 465 250 517 rum
282 440 384 502 loriam
396 438 480 521 hujus
496 442 604 507 virtute
621 450 796 508 renovatam
808 461 879 505 non·

185 463 282 586 modi
298 522 465 603 speramus,
479 524 582 582 verum
601 526 687 582 etiam
701 519 762 602 jam
775 525 880 589 ,uide-i

186 624 269 675 mus:
288 620 337 662 tua
356 601 455 676 fraus,
474 619 555 662 tuum
568 602 742 667 maleficium
758 648 769 676 ,
788 619 881 667 tuum.-

185 683 276 746 scelus
294 683 365 741 illud
377 681 436 756 est,
455 702 486 742 te
496 682 546 755 id,
567 683 648 763 quod
664 683 875 765 promulgalles

187 763 389 825 misericordiae
407 765 546 835 nomine,
562 764 599 822 ad
615 764 789 823 crudelitatis
800 774 880 828 teni·-

186 865 241 926 pus
260 841 400 903 distulisse.
424 842 470 902 Ac
484 863 560 902 nuuc
578 843 695 923 quidem
714 841 754 903 C.
771 843 876 905 Anto·

187 928 251 986 uius
273 925 328 983 hac
345 923 402 983 und
424 943 457 984 re
478 921 618 982 miseriam
639 923 718 985 suam
740 924 880 990 consola·.

188 1023 254 1079 tur,
291 1005 350 1064 uod
367 1007 506 1084 imagines¹
519 1005 627 1082 patris,
646 1005 678 1064 &
697 1003 793 1064 fratris
812 1004 873 1080 sui,

188 1026 337 1166 fratriique
359 1084 469 1157 filiam,
490 1085 601 1143 nonin
622 1083 752 1158 familia,
771 1085 821 1147 sed
843 1089 873 1146 in

187 1187 302 1226 carcere
325 1166 497 1229 collocatam
514 1165 613 1225 audire
634 1163 761 1239 maluit,
785 1164 874 1247 quiam

187 1247 300 1307 uidere.

199 1370 202 1375 -
232 1325 310 1386 XII.
337 1325 375 1386 Et
405 1327 543 1408 quoniam
577 1328 712 1405 pecunias
748 1326 874 1389 aliorum

190 1405 336 1486 despicis,
360 1405 397 1466 de
420 1407 476 1464 tuis
496 1407 600 1465 divitiis
620 1408 874 1467 intolerantissime

191 1487 342 1568 gloriaris,
359 1484 430 1545 volo
444 1489 485 1544 uti
501 1487 574 1544 mihi>
583 1486 778 1566 respondeas,
794 1487 877 1549 fece·

189 1565 261 1637 rjsne
282 1565 394 1626 foedera
409 1568 538 1627 tribunus
551 1567 644 1645 plebis
662 1588 727 1626 curu
747 1571 882 1629 ciuitati--

189 1645 263 1719 bus,
286 1667 352 1707 cum
369 1648 483 1726 regibus
495 1658 592 1719 ‚scum
611 1648 781 1708 tetrarchis?
805 1669 875 1709 ero-

190 1725 301 1808 garisne
345 1730 459 1787 ecunias
479 1747 515 1789 ex
537 1731 637 1791 aratio
658 1731 717 1791 ¹tuis
738 1727 875 1810 legibus?

191 1749 363 1887 eripueriliie
381 1826 476 1888 partes
493 1807 544 1867 illo
561 1823 698 1888 tempore
716 1812 876 1871 carissimas

189 1890 295 1968 partim
316 1911 334 1947 a
357 1886 469 1950 Caesate
489 1932 498 1961 ‚
520 1891 624 1968 purtim
648 1910 665 1951 a
688 1889 875 1969 publicanis?

191 1967 269 2047 Quae
284 1988 371 2049 quum
383 1971 421 2027 ita
432 1973 486 2027 sint
496 2013 508 2041 ,
520 1990 618 2049 quaero
632 1989 668 2030 ex
682 1986 712 2033 te
725 2014 735 2042 ,
749 1969 822 2031 sisne
837 1990 877 2030 ex

192 2052 380 2128 pauperrimo
396 2049 477 2110 dives
500 2048 588 2111 fadus
609 2049 660 2109 illo
687 2049 750 2130 ipso
775 2070 877 2122 anno,

191 2148 252 2207 quo
276 2128 324 2187 lex
346 2129 402 2189 lata
427 2127 467 2191 est
491 2129 527 2189 de
551 2131 678 2209 pecuniis
705 2130 879 2210 repetundis

189 2208 352 2278 acerrimo?
366 2228 398 2268 ur
417 2229 518 2278 omnes
532 2209 692 2291 intelligere
708 2208 843 2291 pollent,
858 2233 877 2272 a

192 2283 225 2346 te'
241 2307 300 2355 non
313 2290 407 2349 modo
416 2291 511 2358 nostra
527 2289 589 2349 adia
601 2333 614 2362 ,Α
627 2311 701 2370 quos
717 2307 806 2370 tyran
820 2311 880 2351 nos

191 2387 301 2441 vocas,
312 2367 361 2436 sed
373 2371 459 2429 etiam
478 2370 641 2430 amicissimi
654 2372 695 2430 tui
709 2369 806 2452 legem
818 2369 880 2432 effe

193 2465 413 2530 contemptam:
422 2449 507 2528 ‚apud
520 2466 609 2528 quem
617 2468 649 2510 tu
662 2453 750 2511 etiam
760 2473 816 2519 nos
825 2452 879 2519 cri·¹

193 2530 296 2595 minari
323 2529 398 2591 soles
417 2575 425 2602 ,
443 2530 555 2609 qui'illi
577 2530 670 2600 sumus
687 2532 879 2606 amicissimi,

195 2672 197 2677 ,
215 2630 282 2670 uum
297 2624 328 2669 tu
342 2613 368 2675 ei
379 2610 669 2673 contumeliosissime
681 2613 770 2672 toties
784 2612 878 2682 male·

194 2628 271 2748 dicas
283 2733 294 2762 ‚
307 2694 421 2771 quoties
437 2690 477 2750 illi
496 2688 618 2751 affinem
633 2709 664 2751 te
681 2689 738 2753 effe
758 2691 841 2754 dicis.

197 2816 200 2821 .
236 2786 286 2844 302
301 2774 398 2854 Atque
410 2771 480 2830 illud
492 2773 580 2831 etiam
594 2769 662 2831 scire
676 2791 711 2833 ex
723 2788 753 2833 te
767 2776 879 2854 cupio‚'

191 2855 387 2942 quo-consilio
396 2897 410 2924 ,
421 2852 543 2939 autiqud,
551 2867 653 2939 mente
662 2853 788 2939 feceris,k
798 2871 833 2923 ut
846 2856 879 2923 iu
