2117 3942
172 358 175 362 ⁴
252 407 330 490 '332
476 387 702 459 OnArto

253 503 398 587 benigne,
415 501 447 564 δι
458 525 519 565 non
534 504 650 586 gravate
663 524 670 562 ε
684 501 861 564 communiter
874 504 941 586 qui-

255 586 322 646 dem
341 585 417 645 certe
432 607 492 645 non
510 586 659 644 convenit.
889 613 893 619 ·

296 683 341 743 37.
361 664 398 724 Et
409 666 491 724 simul
502 663 621 725 absurda
632 682 677 722 res
690 659 749 735 est,
767 663 866 722 caveri
878 660 939 722 foe·

253 743 343 817 dere,
360 760 391 803 ut
401 742 581 823 majestatem
596 742 698 823 populi
717 741 844 802 Romani
856 763 940 801 com·

254 827 379 884 munirer
400 824 597 895 conservent3
617 823 647 881 id
670 820 732 894 est,
754 838 786 880 ur
809 822 938 902 populus

255 902 405 964 Romanus
423 903 500 964 suam
521 901 699 982 majestatem
717 902 789 962 velir
806 901 865 963 effe
883 901 940 961 sal-

255 985 441 1065 vamzquod
460 987 483 1043 si
502 981 562 1061 jam
580 986 619 1042 ita
637 981 729 1054 effer,
750 997 782 1041 ur
800 980 858 1042 effe
876 1003 935 1041 non

255 1062 351 1144 potest
365 1085 375 1136 ;
394 1080 492 1124 tamen
508 1064 545 1124 de
564 1061 658 1123 nostra
674 1059 846 1140 majestate,
865 1061 935 1120 nihil

257 1143 295 1207 de
311 1144 426 1203 illorum
442 1161 602 1204 caveretur.
618 1140 753 1201 Potestne
769 1144 776 1200 i
799 1143 857 1199 itur
873 1161 938 1200 nos·

257 1235 301 1287 ‘tm
321 1221 453 1302 majestas
473 1246 490 1282 a
509 1222 658 1282 Gaditanis
677 1162 801 1302 benign{
823 1220 937 1280 conser-

257 1304 343 1376 vari,
370 1307 392 1363 si
417 1303 453 1362 ad
479 1322 544 1363 eam
570 1301 749 1362 retinendam
774 1298 936 1360 Gaditanos

257 1385 380 1463 praemiis
393 1384 500 1443 elicere
514 1404 574 1441 non
589 1381 754 1462 poffurnus?
774 1379 871 1459 potest
882 1378 938 1442 effe

258 1462 316 1520 ulla
330 1461 453 1542 denique
467 1461 617 1540 majestas,
638 1463 661 1520 si
674 1461 869 1541 impedimur,
882 1462 939 1542 qub

258 1542 352 1600 minits
375 1563 428 1622 per
447 1543 588 1622 populum
608 1541 803 1614 Romanum,
826 1540 942 1602 benefi-

258 1624 368 1680 ciorum
381 1666 390 1694 ,
403 1624 514 1684 virturis
529 1622 634 1695 causti,
649 1622 872 1682 tribuendorum
887 1643 943 1702 po·

259 1699 391 1762 testatem
406 1704 627 1783 imperatoribus
641 1700 742 1761 nostris
757 1700 944 1762 deferamus?
978 1715 980 1720 '

299 1781 398 1841 XVII.
420 1782 479 1842 Sed
491 1784 559 1864 quid
572 1804 629 1864 ego
642 1781 777 1863 disputo,
792 1801 858 1861 quae
870 1783 940 1841 mihi

260 1877 342 1932 rum,
356 1865 379 1920 si
390 1861 526 1923 Gaditani
540 1881 638 1923 contra
649 1883 696 1921 me
710 1862 860 1934 dicerent,
872 1862 942 1922 vere

261 1939 342 2022 poffe
359 1942 414 2002 dici
432 1942 619 2006 viderentur?
638 1943 692 2001 illis
711 1944 788 2002 enim
803 1958 943 2022 repeten-

259 2023 335 2082 tibus
350 2023 382 2082 L.
397 2023 588 2097 Cornelium,
604 2021 832 2102 responderem,
847 2021 944 2103 legem
974 2090 976 2096 p

260 2104 403 2181 populum
430 2105 596 2164 Romanum
625 2100 733 2179 jussisse
762 2102 799 2162 de
820 2103 946 2168 'civitate¹

260 2182 413 2242 tribuenda
430 2206 437 2242 ε
453 2186 517 2243 huic
534 2185 633 2264 generi
652 2183 748 2263 legum
765 2181 874 2241 fundos
891 2204 945 2263 po·

260 2260 346 2338 pulos
361 2259 422 2321 fieri
438 2285 498 2323 non
512 2264 605 2323 solere
619 2283 626 2320 τ
640 2260 698 2323 Cn.
714 2261 889 2342 Pompeium
907 2263 943 2322 de

262 2341 373 2399 consilii
393 2341 534 2403 sententia
554 2344 700 2402 civitatem
725 2343 792 2402 hui'c
812 2340 942 2402 dediffe:

262 2419 372 2480 nullum
386 2422 488 2501 populi
502 2420 590 2483 nostri
603 2420 703 2499 jussum
718 2421 884 2483 Gaditanos
898 2423 946 2483 hae

262 2500 333 2560 bere
360 2521 367 2558 ι
390 2504 486 2582 itaque
520 2503 590 2561 nihil
618 2501 675 2562 effe
705 2501 912 2564 sacrosandium
935 2547 944 2577 ‚
972 2496 974 2503 ’

262 2579 343 2660 quod
361 2581 425 2662 lege
445 2600 597 2665 exceptum
615 2582 762 2642 videretur
783 2603 790 2641 ε
808 2585 832 2641 si
852 2580 944 2653 effet3

263 2676 361 2724 tamen
376 2663 405 2719 in
422 2661 533 2724 foedere
550 2662 617 2722 nihil
636 2660 692 2724 effe
711 2679 851 2735 cautum,
873 2683 948 2743 prae·

263 2753 307 2801 ter
323 2761 426 2820 pacem
445 2764 451 2802 :
471 2744 601 2804 additum
622 2743 708 2803 eriam
725 2741 781 2802 effe
799 2741 897 2816 illud,
917 2758 947 2803 ut

264 2816 443 2894 majestatem
462 2825 501 2883 illi
520 2821 645 2884 nostram
663 2822 835 2882 conservare
854 2822 949 2882 debe·

262 2913 346 2974 τεαῖς
366 2921 429 2984 quae
445 2905 523 2967 certe
539 2906 737 2976 minueretur,
758 2903 782 2963 si
796 2919 846 2965 aut
862 2900 949 2984 adju·
