2117 3942
140 374 144 383 ,
186 308 266 411 364
326 308 401 380 De
426 306 733 379 Promeae

185 416 339 496 nationes,
358 420 408 483 sed
428 422 562 484 nondum
579 421 716 504 legibus,
737 420 871 501 nondum

180 502 247 588 jure
266 520 370 574 certo,
387 505 519 564 nondum
535 503 599 563 saris
620 500 703 563 firmi
721 524 797 585 pace
817 504 871 565 de·

181 584 308 648 vineiae:
327 584 437 644 bellum
462 582 597 645 alferium
622 584 787 657 videmus,
815 584 871 659 δι,

182 667 255 727 ¹vere
271 680 304 724 ut
321 664 436 737 dicam,
451 684 529 745 pene
546 662 710 725 confeenm
721 685 731 738 ;
742 662 794 725 sed
811 667 872 739 ita,

183 764 236 820 ut,
257 748 281 804 si
296 744 376 805 idern
395 761 526 805 extrema
543 743 741 826 persequitur,
757 748 808 826 qui
825 747 873 805 in-

182 827 329 898 choavit,
350 823 408 903 jam
430 827 529 886 omnia
551 824 679 907 persedla
697 825 870 886 videamusz

182 909 208 967 si
230 903 411 979 succeditur;
433 905 594 986 periculum
618 908 679 979 sit,
701 924 740 965 ne
765 904 873 967 instau-

182 1003 261 1047 ratas
278 988 395 1046 maximi
409 986 478 1046 belli
494 987 626 1067 reliquias
639 1029 650 1060 ,
664 1006 698 1045 ac
713 1003 873 1048 renovatas

183 1067 341 1129 audiamus.
356 1065 436 1149 Ergo
454 1086 512 1149 ego
528 1065 663 1138 senator,
675 1067 808 1127 iuimicus
821 1110 831 1140 ,
843 1069 871 1126 ei

183 1149 227 1207 ira
238 1147 343 1220 vultis,
355 1148 466 1206 homini
477 1167 488 1219 3
498 1148 606 1207 amicus
618 1143 696 1221 effe,
710 1148 784 1207 sicut
795 1145 872 1211 sem·

183 1227 316 1323 perfui,
332 1230 374 1288 rei
396 1226 498 1287 ublicae
508 1225 619 1287 debeo.
638 1225 721 1305 Quid
731 1229 783 1300 „si
798 1225 871 1309 ipsas

183 1309 346 1367 inimicitias
365 1248 486 1388 <sepono
504 1306 669 1388 reipublice
687 1305 791 1366 carisa?
809 1309 872 1388 quis

184 1407 237 1448 me
255 1382 374 1447 taridem
395 1385 458 1465 jure
470 1386 696 1468 reprehendet?
714 1386 872 1467 prasertim

183 1487 276 1548 quum
292 1487 359 1549 ego·
369 1470 499 1528 omnium
512 1488 647 1528 meorum
664 1467 873 1543 consiliorum,

185 1565 273 1627 atque
284 1547 437 1608 lariorum
454 1568 540 1609 exem
562 1550 588 1607 la
607 1547 722 1628 semper
739 1567 777 1609 ex
794 1547 874 1608 sum-

184 1648 302 1689 morum
331 1628 483 1689 hominum
508 1569 589 1689 fadis
616 1629 687 1688 mihi
712 1627 873 1691 censuerim

183 1709 326 1792 petenda.
425 1704 442 1727 s
741 1710 743 1715 '
849 1758 851 1763 .

183 1816 191 1828 ·
228 1787 288 1848 lx.
309 1787 358 1849 An
375 1790 449 1850 verb
467 1789 512 1850 M.
533 1789 582 1851 ille
601 1788 751 1870 Lepidus,
765 1790 872 1872 quibis

185 1868 285 1930 consul
304 1869 336 1929 &
354 1870 487 1950 pontifex
505 1872 645 1930 maximus
660 1870 734 1943 suit,
748 1892 810 1931 non
821 1870 871 1931 so·

184 1949 247 2009 lirin
266 1949 618 2023 memoriaerestimon103
639 1950 800 2011 sedetiam
817 1972 868 2011 en·

79 2086 83 2091 .
186 2030 295 2091 nalium
310 2032 431 2104 litteris,
448 2034 480 2092 &
494 2030 596 2091 summi
610 2048 706 2110 poetae
718 2051 797 2092 voce
809 2032 863 2092 leu-

186 2108 270 2169 datus
287 2108 350 2181 est,
365 2112 445 2193 qubd
462 2133 527 2171 cum
547 2111 591 2171 M.
610 2111 715 2173 Fulvio
737 2113 851 2195 collega

186 2209 246 2269 quo
265 2188 312 2249 die
330 2191 430 2251 censor
450 2189 491 2252 est
509 2191 618 2265 fedius,
633 2192 754 2252 homine
773 2193 850 2253 inimi

185 2269 326 2340 cissimo,
347 2270 376 2328 in
400 2290 506 2350 campo
528 2271 621 2331 statim
644 2273 730 2332 rediit
750 2273 781 2332 in
802 2293 846 2355 gre

183 2350 254 2408 riam
266 2393 276 2421 ,
288 2365 320 2408 ut
333 2370 489 2410 commune
504 2349 632 2412 officium
646 2352 770 2413 censura
784 2373 841 2414 corr

186 2431 267 2490 muni
280 2431 424 2490 animo-ac
438 2432 589 2492 voluntate
603 2431 817 2494 defenderent?

188 2532 191 2541 ·
228 2527 276 2569 21.
297 2509 419 2592 Atque,
437 2529 469 2572 ur
489 2514 608 2586 vetera,
623 2533 686 2593 qure
705 2512 828 2573 sunt'inn

184 2591 333 2651 merabilia
344 2635 354 2663 ‚
366 2594 499 2667 mittam
512 2610 575 2653 tuus
596 2592 698 2672 pater,
716 2592 824 2672 Philipp

184 2690 286 2731 nonne
307 2692 366 2731 uno
386 2688 521 2754 tempore
544 2694 611 2734 cum
632 2672 685 2732 suis
709 2674 819 2732 inimicis

184 2752 239 2808 mis
257 2753 286 2809 in
294 2755 420 2890 tpieriam
440 2753 548 2814 rediit?
563 2754 665 2837 quibus
685 2775 754 2815 eum
771 2772 813 2814 err

182 2826 236 2886 bus
258 2850 291 2889 ea
314 2852 362 2894 em
382 2833 541 2917 respublica
558 2834 783 2910 reconciliavit,
802 2857 807 2888 ι

178 2907 327 2976 alienarat.
