2117 3942
243 354 293 427 66
457 353 489 419 0
510 371 535 420 a
549 369 576 420 Α
590 372 614 422 r
629 355 686 422 1'0

241 473 294 530 bus
313 483 360 528 aut
372 479 403 527 ut
417 472 523 548 apertis
533 470 655 529 inimicis
671 466 840 531 obsisterem
852 514 863 545 ,
874 473 926 533 a'uf

240 567 272 610 ut
293 549 435 608 insidiosis
449 551 547 609 amicis
566 571 627 609 non
640 550 799 611 crederem.
817 550 928 613 Proina‘

241 633 278 690 de
295 631 426 691 desinant
444 630 601 712 aliqnando
622 649 669 689 me
685 629 784 690 iisdem
806 632 925 692 inflam⁴

240 722 320 771 mare
337 710 455 770 verbis:
472 711 556 791 Quid
573 711 626 770 sibi
643 709 693 772 iste
714 711 798 770 vult?
819 713 928 789 nescit,

260 809 379 851 uantum
399 791 568 852 aueoritate
586 791 703 864 valeat,
718 812 843 873 quaeres
858 808 927 876 ges*¹

240 815 306 933 derit
317 917 327 946 ‚
339 871 396 954 qud
409 871 548 955 dignitate
567 874 602 931 sit
618 870 762 933 restitutus
778 873 789 933 l
806 893 857 933 cur
874 893 927 936 oaa

240 966 291 1014 nat
310 973 398 1026 eum,
414 974 431 1013 a
449 974 509 1035 quo
529 950 657 1013 desertus
674 951 740 1013 est?

283 1045 331 1114 30.
349 1032 415 1116 Ego
430 1035 615 1114 veronaque
634 1045 685 1094 me'
696 1048 761 1094 tum
780 1033 926 1096 desertum

240 1125 335 1197 puto,
356 1113 405 1176 sed
420 1135 497 1197 pene
517 1114 669 1187 deditum3
685 1135 761 1187 nec,
784 1114 848 1198 quai
867 1119 926 1177 sint

240 1198 269 1263 in
283 1197 331 1256 illa
344 1196 508 1276 reipublicae
518 1195 636 1255 flamma
651 1193 729 1278 gella
744 1216 845 1257 contra
857 1217 925 1271 me,

241 1295 337 1356 neque
354 1276 528 1356 quomodo,
546 1293 642 1356 neque
658 1296 711 1356 per
769 1297 824 1350 os,
841 1295 935 1359 panea,

240 1355 405 1418 faciendum
423 1355 493 1415 mihi
507 1352 566 1416 elle
579 1355 714 1416 arbitron·
729 1296 767 1418 dl
780 1359 850 1418 utile
866 1359 928 1418 rei·

261 1438 364 1497 oblitae
381 1434 453 1509 fuit,
467 1435 580 1496 haonre‘
590 1453 641 1497 me
651 1457 742 1499 unum
752 1449 807 1520 pro¹
826 1441 928 1500 omni·

241 1458 295 1578 dus
322 1517 403 1576 illam
429 1516 658 1599 indignissimam
694 1519 887 1580 calamitatem
916 1541 927 1595 3

242 1600 331 1658 etiam
354 1597 411 1657 hoc
433 1597 505 1658 utile
528 1599 594 1672 sit,
620 1610 743 1681 qnorum
763 1601 794 1659 id
817 1594 937 1679 scelere:

165 1708 168 1715 ·
242 1679 399 1739 conflatum
411 1680 451 1744 'sit
471 1723 481 1752 ‚
505 1698 554 1738 me
573 1679 744 1754 occultare,
764 1681 797 1740 &
814 1697 926 1741 tacere.

241 1757 317 1820 lllud
339 1759 414 1820 vero
436 1757 478 1820 est
500 1758 625 1819 hominis
646 1762 774 1841 ingrati,
797 1777 896 1821 tacere
916 1756 938 1820 :³

241 1840 339 1922 itaque
357 1839 544 1900 libentissimi
564 1839 747 1921 praedicabo,
765 1837 822 1898 Cn.
836 1834 939 1899 Pom-³

242 1923 341 2002 peium
370 1916 463 1981 studio
494 1919 525 1980 δι
552 1920 720 1981 audomate
746 1919 827 2000 aeque
852 1964 861 1993 ,
894 1938 929 1980 ut

242 2015 478 2083 unumquemque
494 1998 643 2073 validm,
660 2000 781 2082 opibus,-
801 2014 930 2060 conten-

243 2083 344 2153 tione,
362 2081 519 2159 precibus,
538 2081 672 2160 periculis
691 2080 833 2161 denique,
849 2101 929 2164 prae-⁴

243 2161 327 2239 cipue
363 2179 397 2216 ro
413 2157 502 2218 salute
516 2177 583 2217 mea
599 2156 749 2220 laboralle.

284 2181 363 2299 Xll.
382 2238 438 2304 Hic
458 2239 540 2310 tuis,
561 2236 592 2295 P.
611 2237 763 2312 Lentule,
805 2260 874 2300 uum
894 2256 939 2301 tu·

243 2319 313 2380 nihil
336 2318 411 2379 aliud
429 2317 489 2378 dies
511 2317 542 2378 δι
563 2317 686 2392 nolles,
708 2321 760 2379 nisi
781 2260 820 2382 de·
837 2321 930 2383 salute

242 2414 311 2462 mea
327 2402 485 2484 cogitares,
497 2399 623 2459 consiliis
636 2400 769 2460 omnibus
780 2401 925 2462 interfuit:
977 2455 978 2462 ,

975 2390 979 2429 1

242 2481 290 2542 hic
312 2482 364 2544 tibi
385 2482 568 2562 gravissimus
593 2479 691 2540 audior
713 2481 751 2541 ad
773 2481 927 2545 instituen-
976 2470 979 2510 ¹

243 2562 329 2638 dam,
340 2558 520 2624 fidelissimus
533 2558 623 2622 socius
637 2562 673 2622 ad
683 2563 942 2644 comparandam,x

240 2631 415 2706 fortissimus
434 2639 551 2722 adjutor
574 2643 611 2703 ad
634 2664 695 2704 rem
718 2643 928 2725 perficiendam

239 2719 312 2782 fuit:
332 2727 377 2786 hic
391 2725 564 2805 municipia,
579 2722 762 2809 coloniasque
776 2725 861 2784 adiit:
873 2725 928 2785 ‚hic
974 2738 977 2748 ·

238 2792 330 2864 Italiae
344 2808 432 2866 totius
443 2806 580 2866 auxilium
591 2806 730 2889 cupientis
744 2806 924 2887 imploravit:

240 2875 289 2942 bic
300 2885 332 2945 in
345 2885 445 2947 senatu
453 2887 589 2968 princeps
601 2885 747 2950 sententie
757 2884 810 2948 fuit
820 2885 940 2949 tidelia·a

977 2558 979 2592 l

974 2634 979 2672 l
