2117 3942
282 382 344 434 tn
377 368 675 435 Vallatum.
743 384 820 458 297

133 479 165 543 lo
172 477 318 562 ,inquam
329 524 340 554 ,
353 495 490 562 augurato
506 479 619 560 templo
631 503 665 541 ac
679 481 749 541 loco
760 481 823 543 col·

122 561 261 647 locaris,
280 562 340 656 qub
356 560 530 629 aucloritatis
548 563 730 657 euquirendae
747 584 819 623 cau-

133 642 164 703 si
187 643 278 703 ceteri
298 641 402 702 tribuni
421 641 513 722 plebis
535 661 676 724 pnncipea
694 646 818 704 civitatis

153 722 299 783 roducere
327 720 563 793 consueverum3
587 722 626 781 ibi
641 743 671 783 tu
692 723 818 784 indicem

132 746 272 864 l'eblium
296 846 306 876 ‚
328 803 458 883 linguam
482 801 515 859 ὃ(
534 820 639 861 vocem
660 802 736 863 suam
753 803 819 865 sce·

134 884 233 945 leri&
250 886 342 943 menti
358 900 414 942 tuae
430 880 559 961 praebere
572 881 709 957 voluisti,
728 900 758 944 ut
775 884 820 944 di·

103 1006 106 1011 -
134 982 216 1025 cenet
234 962 270 1023 1„
291 961 414 1024 veuius
430 965 460 1021 in
481 963 625 1021 concione
646 979 712 1036 tua,
731 984 820 1046 rogae

134 1061 179 1105 tus
195 1066 214 1105 a
233 1061 284 1117 te,
304 1042 333 1103 se
351 1041 501 1115 anantes,
524 1041 556 1100 &
572 1042 761 1123 impulsores,
784 1045 818 1105 δι

132 1124 228 1186 socios
237 1121 365 1185 babuiffe
373 1121 487 1183 sceleris
494 1122 568 1181 illius
578 1142 631 1183 eos
642 1127 738 1197 viros,
751 1127 820 1204 qui·

133 1205 186 1267 bus
202 1223 220 1266 e
237 1206 356 1265 civitate
380 1201 515 1276 sublatis,
536 1203 617 1342 ‹Haod
634 1220 665 1264 tu
681 1224 719 1264 eo
740 1220 821 1265 tcm-

175 1306 209 1349 te
228 1284 410 1355 moliebare,
429 1285 529 1343 civitas
567 1303 616 1344 are
634 1306 694 1345 non
705 1282 815 1365 pollet:

172 1411 180 1428 .
198 1364 336 1427 Bibulum
355 1409 365 1440 ‚
385 1361 465 1442 cujus
482 1363 642 1425 inclusione
661 1382 818 1427 contentus
865 1366 867 1371 ’

134 1470 194 1509 non
212 1468 298 1519 eras,
319 1443 481 1507 interficere
501 1446 658 1517 volueras,
671 1444 818 1526 spoliave-

133 1551 178 1589 aas
199 1525 378 1601 consulatu,
399 1524 491 1605 patrii
516 1527 630 1605 privare
655 1526 816 1607 cupiebas:
835 1541 839 1559 ¹

135 1608 169 1671 L.
188 1607 343 1669 Lucullum
355 1650 366 1678 ,
378 1602 459 1684 cujus
476 1621 507 1664 tu
523 1605 610 1666 rebus
626 1607 726 1688 gestis,
737 1607 819 1688 ,quud

136 1692 144 1749 i
163 1688 194 1751 se
213 1688 253 1749 ad
279 1691 319 1747 im
342 1687 479 1748 etalorias
501 1684 602 1751 laudes
621 1708 638 1745 a
658 1709 749 1767 puero
771 1689 830 1749 vi·-

171 1772 243 1831 licet
262 1765 293 1848 sp
340 1787 420 1839 aras,
435 1765 639 1829 vehementius
649 1768 818 1829 invidebas:

137 1849 171 1911 C.
193 1846 357 1911 Curionem
369 1891 379 1918 ‚
391 1864 563 1928 perpetuum
573 1844 687 1907 hostem
705 1850 819 1928 impro-

136 1931 240 1992 borum
249 1931 396 2000 omnium,
410 1926 556 1987 auclorem
569 1927 676 2007 publici
689 1928 819 1999 consilii,

137 2013 270 2073 libertate
294 2010 443 2069 communi
462 2007 571 2067 tuenda
595 2009 718 2068 maximi
746 2007 820 2068 libe·

138 2114 220 2166 rum,
239 2111 306 2149 cum
325 2088 386 2149 filio
404 2089 533 2168 principe
553 2085 729 2164 juventutis,
752 2109 818 2149 cum

138 2173 284 2255 republica
309 2166 507 2248 conjunlliore
530 2170 645 2242 etiam,
690 2169 754 2229 uim
779 2169 816 2231 ab

139 2255 292 2395 illastlaetate
307 2248 508 2332 postulandum
530 2248 614 2324 fuit,
641 2191 738 2314 delere
760 2273 820 2314 uo.-

179 2432 227 2495 25.
252 2410 291 2477 L„
310 2407 505 2482 Domitium,
531 2407 610 2490 cujus
638 2411 760 2493 dignitas
783 2411 817 2471 &

139 2492 274 2556 llcndor
306 2487 547 2572 praestringebat,
575 2491 694 2564 credo,
717 2490 822 2551 oculos

142 2516 269 2645 latinii,
283 2591 370 2652 quem
380 2589 411 2631 tu
421 2587 542 2651 propter
552 2590 708 2629 commune
719 2570 821 2631 odium

143 2655 168 2714 in
179 2656 277 2717 bonos
289 2651 412 2722 oderas,
423 2655 451 2709 in
462 2647 608 2731 posterum
623 2669 720 2709 autem
735 2670 825 2731 prop-

142 2750 182 2795 ter
198 2736 332 2797 omnium
347 2730 450 2813 spem,
468 2751 532 2811 quae
550 2729 587 2788 de
601 2730 650 2790 illo
668 2727 822 2812 est,atque

143 2832 199 2875 erat
217 2860 227 2890 ,
247 2814 314 2875 anic
331 2812 477 2892 aliquanti>
495 2809 637 2870 timebas:
657 2809 692 2870 L.
711 2811 823 2872 Lentu-

86 2890 90 3045 ἱ
144 2893 228 2972 lum,
249 2896 329 2959 bunc
348 2891 476 2976 judicem
498 2889 824 3033 nostiumfiflanuuem

678 2994 699 3043 v,
