2117 3942
260 371 335 443 190
482 345 706 416 Onarro
805 357 807 361 ·

250 459 425 528 beneficium
440 458 472 520 P.
484 460 577 523 Sextii
592 458 758 520 testimonio
775 445 940 534 declarant,

251 543 468 628 periculumque
485 543 609 603 decreto
625 540 677 601 suo
694 541 897 621 deprecantur.

260 690 265 697 ,
296 642 342 683 10.
363 621 488 695 Recita,
497 620 617 703 quaeso,
633 620 666 681 P.
683 620 782 694 Sexti,
799 621 871 710 quid
887 621 942 683 de·.

253 705 398 764 creverint
413 698 523 782 Capua
540 701 712 763 decuriones
726 722 736 775 ;
752 718 784 763 ut
810 721 871 779 lam
894 705 941 762 vi·

251 784 312 844 n‘lis
329 799 377 843 tua
394 802 455 854 vox
470 785 565 861 possit
579 781 687 863 aliquid
700 779 865 863 significare
882 783 939 843 ini·

249 865 331 925 micis
349 859 474 936 nostris,
494 862 658 944 quidnam,
675 880 764 942 quum
783 860 813 920 se
830 881 940 925 ,corro-

249 943 384 1016 borarit,
405 939 542 1003 effectura
563 941 618 1004 elle
639 942 780 1003 videatur.
804 939 939 1003 Dacu-

249 1041 326 1085 uun
347 1020 599 1087 Dicunonun.
622 1020 692 1082 Non
714 1023 806 1084 recito
827 1021 936 1084 decre-

251 1121 313 1164 tum
335 1101 431 1163 officio
451 1105 549 1185 aliquo
572 1101 732 1182 exprellum
752 1102 936 1177 vicinitatis,

252 1204 301 1255 aut
325 1183 491 1258 clientelae,
515 1200 566 1244 aut
591 1182 706 1263 hospitii
730 1182 862 1262 publici,
889 1199 937 1243 aut

249 1266 436 1338 ambitionis,
456 1279 505 1324 aut
529 1263 794 1325 commendationis
815 1263 937 1343 gratid;

249 1344 301 1407 sed
320 1346 411 1405 recito
431 1346 603 1403 memoriam
623 1341 765 1423 perfundi
782 1344 938 1422 periculi,

250 1424 491 1506 predicationem
511 1423 682 1504 amplissimi
708 1421 868 1498 beneficii,
890 1425 938 1485 vi·

251 1524 317 1567 cem
335 1502 423 1565 officii
437 1502 603 1584 praesentis,
619 1502 815 1565 testimonium
830 1520 937 1585 prete·

249 1586 297 1646 riti
316 1585 467 1665 temporis.

295 1682 308 1722 1
312 1682 341 1740 J.
374 1668 471 1745 Atque
501 1665 557 1725 illis
586 1663 768 1746 temporibus
797 1662 899 1725 iisdem
923 1681 938 1739 ,·

271 1765 338 1804 uum
351 1740 416 1822 jam
431 1742 564 1826 Capuam
581 1762 662 1808 metu
680 1744 794 1806 Sextius
814 1745 936 1805 liberas-

248 1765 306 1898 ien
318 1825 421 1901 urbem
431 1824 560 1900 senatus,
570 1842 657 1907 atque
668 1843 772 1887 omnes
782 1824 875 1899 boni,
887 1825 936 1887 de·

248 1906 398 1987 prehensis
410 1923 502 1987 ,atquc
519 1909 666 1988 oppressis
684 1903 848 1967 domesticis
866 1905 936 1971 hos·

255 1987 355 2061 tibus,
371 2005 419 2049 me
434 1987 507 2059 duce
517 2025 532 2059 ‚-
544 2008 580 2049 ex
593 1987 872 2068 periculismaximis
884 2005 936 2049 exa

248 2065 394 2129 traxiffent
409 2087 421 2140 3
437 2087 496 2148 ego
514 2069 613 2129 litteris
629 2087 698 2133 eum
714 2063 819 2146 caput
837 2087 935 2129 arces·

248 2147 305 2205 sivi
324 2166 391 2205 cum
410 2145 461 2205 illo
480 2150 630 2220 exercitu,
649 2166 737 2228 quem
757 2163 820 2206 tum
836 2145 934 2211 secum

247 2223 397 2296 habebam
417 2226 518 2301 'uibus
530 2226 577 2286 bic
591 2226 692 2291 litteris
709 2224 811 2298 ledis,
830 2228 870 2288 ad
887 2248 935 2287 ur·

247 2302 318 2363 bem
333 2301 421 2363 confe
447 2306 453 2318 “
500 2305 659 2366 incredibili
677 2306 823 2368 celeritate
840 2308 933 2371 adro·

247 2382 330 2445 lavit.
350 2380 469 2462 Atque,
491 2401 522 2444 ut
542 2384 614 2453 illius
634 2387 774 2466 temporis
792 2391 936 2450 atrocitas

248 2474 312 2527 tem
324 2462 470 2535 recordati
483 2467 618 2545 possitis,
636 2466 732 2527 audite
748 2465 881 2541 litteras,
899 2468 933 2529 δι

248 2543 373 2609 vestram
399 2547 572 2607 memoriam
590 2544 637 2605 -ad
662 2547 773 2607 timoris
797 2548 932 2628 praeteriti

249 2628 460 2708 cogitationem
481 2628 613 2695 excitare.
634 2625 793 2689 errauru
808 2626 934 2693 Creu·
975 2643 976 2646 ’

253 2721 356 2773 totus
378 2723 553 2769 consutis.

258 2838 277 2847 .,
291 2784 334 2845 V.
355 2787 424 2849 Hoc
440 2788 569 2850 adventu
582 2786 615 2848 P.
629 2784 736 2860 Sextii,
750 2785 935 2851 tribunorum

249 2861 342 2943 plebis
358 2888 526 2945 novorum,
541 2870 591 2953 qui
602 2886 666 2936 ,rum
681 2871 815 2932 extremis
831 2869 936 2934 diebtu:
