2117 3942
245 374 322 477 '328
468 372 742 446 Ouurro·

247 514 328 555 num.
343 490 421 553 Illud*
430 491 504 552 verb
521 492 582 550 sine
597 489 655 548 ulla
673 487 851 549 dubitatione
866 498 933 551 ma⁵

248 571 470 635 ximennostrum
484 569 616 629 fundavit
631 571 806 649 imperium,
825 571 858 629 &
872 591 934 650 po·

247 651 309 747 puli
322 652 448 712 Romani
462 670 571 710 nomen
586 650 682 719 auxit,
699 648 780 729 quod
794 651 933 731 princeps

186 787 190 795 .
248 731 320 804 alle,
339 750 452 792 creator
469 727 552 808 hujus
572 730 670 799 urbis,
691 728 858 803 Romulus,
873 729 934 790 soe·

249 811 320 872 dere
338 811 447 872 Sabino
466 811 586 882 docuit,
609 811 695 869 etiam
711 807 840 868 hostibus
857 812 935 871 reci·

249 891 363 973 piendis
384 893 481 973 augeri
500 891 574 950 hanc
595 890 742 949 civitatem
765 905 933 970 oportere:

249 969 329 1049 cujus
350 970 539 1043 audomare,
562 969 747 1049 &exemplo
770 989 932 1050 numquam

251 1050 295 1114 est
311 1050 464 1112 intermissa
480 1073 498 1110 a
512 1048 668 1128 majoribus
684 1048 785 1109 nostris
795 1050 933 1130 largitio,

254 1130 289 1192 &
311 1133 536 1191 communicatio
561 1130 694 1189 civitatis.
716 1128 760 1189 Ita
802 1149 819 1189 e
842 1132 875 1189 δι
898 1149 935 1191 ex

254 1209 341 1274 Latio
358 1212 462 1284 multi,
482 1211 515 1271 &
530 1208 704 1282 Tusculani,
723 1210 755 1269 &
799 1211 934 1282 anuvini,

251 1289 291 1350 δι
308 1310 344 1350 ex
360 1294 462 1352 ceteris
476 1289 627 1372 generibus
643 1305 743 1370 gentes
753 1288 894 1351 universae
905 1293 935 1350 in

192 1398 198 1407 ·
255 1372 412 1431 civitatem.
425 1370 485 1429 sunt
505 1387 653 1449 receptae3
679 1388 710 1428 ut
731 1368 934 1452 Sabinorum,

256 1446 452 1525 Volscomm‚
466 1449 659 1509 Hernicorum
674 1469 681 1506 :
695 1451 797 1529 quibus
814 1471 853 1511 ex
867 1452 937 1511 civi·

257 1529 363 1589 tatibus
391 1549 446 1589 nec
472 1529 563 1589 coadii
585 1528 673 1588 essent
695 1532 844 1591 civitatem
870 1551 938 1590 mu-

257 1623 343 1682 tare,
361 1609 385 1670 si
401 1612 449 1690 qui
463 1608 636 1679 noluissent3
657 1629 731 1682 nec,
749 1612 835 1691 siqui
851 1608 938 1670 essent

258 1690 408 1750 civitatem
433 1689 559 1750 nostram
584 1688 728 1749 beneficio
751 1691 856 1770 populi
874 1689 940 1751 Ro·

259 1769 338 1829 mani
361 1769 529 1845 consecuti,
556 1770 706 1833 violatum·
719 1769 815 1831 foedus
837 1791 940 1832 eorum

260 1848 416 1912 videretur.

259 1988 262 1993 .
300 1928 387 1990 XIV.
402 1930 443 1991 At
456 1932 535 1993 enim
548 1930 678 2012 quaedam
691 1929 802 1991 foedera
815 1929 940 2004 exstant,

260 2026 293 2069 ut
314 2009 553 2085 Germanorum,
574 2010 756 2083 Insubrium,
780 2011 941 2073 Helvetio-¹

260 2111 343 2163 rum,
357 2090 506 2172 Iapidum,
519 2093 723 2152 nonnullorum
737 2093 808 2152 item
822 2111 859 2151 ex
871 2090 943 2152 Gal·

259 2168 299 2227 lia
311 2168 522 2244 Barbarorum,
539 2192 662 2252 quorum
675 2173 705 2229 in
719 2170 877 2231 foederibus
893 2193 943 2232 ex-

226 2301 229 2307 ,
261 2265 380 2326 ceptum
399 2251 460 2324 est,
479 2272 517 2311 ne
535 2255 597 2332 quis
615 2272 717 2311 eorum
735 2273 751 2310 a
770 2252 858 2311 nobis
875 2254 943 2313 civis

261 2329 423 2408 recipiatur.
442 2330 535 2409 Qubd
550 2332 574 2388 si
590 2334 726 2412 exceptio
741 2329 835 2405 facit,
855 2351 893 2392 ne
910 2333 944 2391 li·

263 2424 328 2468 ceat
343 2427 353 2480 3
369 2409 410 2467 ibi
431 2408 543 2469 necesse
561 2408 603 2470 est
621 2411 733 2484 licere,
753 2411 803 2471 uhi
821 2432 883 2472 nou
904 2410 943 2473 est

265 2504 431 2569 exceptum.
458 2489 519 2548 Ubi
538 2488 579 2550 est
599 2493 683 2572 igitur
704 2508 861 2571 exceptum
886 2491 944 2551 soe·

262 2568 333 2631 dere
346 2567 514 2644 Gaditano,
532 2590 671 2650 nequem
689 2571 814 2652 populus
830 2572 945 2633 Roma-

262 2669 316 2709 nus
327 2647 504 2710 Gaditanum
515 2653 632 2733 recipiat
645 2651 777 2712 civitate?
791 2651 944 2733 nusquam:

264 2749 300 2785 ac
319 2732 407 2790 sicubi
423 2730 511 2804 effet3
526 2731 574 2791 lex
589 2732 619 2791 id
633 2730 729 2792 Gellia
743 2731 775 2792 &
788 2731 946 2808 Cornelia,

265 2827 328 2885 quae
348 2810 462 2870 definite
483 2811 654 2891 potestatem
676 2811 821 2891 Pompeio
845 2815 947 2879 ciuita-¹

266 2899 328 2946 tem
347 2889 475 2956 donandi
494 2892 635 2969 dederat,
653 2891 807 2958 sustulisset.
828 2891 949 2976 Excep÷
