2117 3942
218 335 291 395 122
439 317 661 388 OnArro

212 429 314 495 tulatus
334 429 483 521 vidimus3
502 436 550 507 cui
569 454 607 498 ne
628 431 679 494 ista
701 432 821 516 quidem
840 436 901 518 ipsa

184 554 187 563 -
212 513 357 573 calamitas
370 512 473 593 injurii
484 518 581 595 potuit
593 514 726 575 accidere
739 535 747 575 :
760 515 790 575 id
807 519 836 577 in
852 539 901 580 me

183 620 186 626 ·
211 591 360 657 infirmas?
374 593 407 656 dc
427 597 542 677 gravius
559 594 616 657 ess'e
633 596 724 669 dicis,
738 597 820 678 quod
839 619 900 660 uno

209 673 420 749 adolescente,
465 675 531 736 uim
558 678 639 761 quod
662 679 808 740 concione
833 680 900 740 toti

209 753 281 818 reste
291 754 409 831 ,fecisti
421 754 432 814 ἓ
479 756 604 824 edicatio
616 779 774 841 magnam,
786 761 901 842 inquit,

209 837 299 900 habet
320 837 504 920 religionem

249 917 378 979 XLIX.
397 917 508 980 Nonne
521 917 608 979 vobis
626 917 724 979 Numa
738 919 900 1002 Pompilius

209 999 327 1065 videtur
342 999 447 1080 loqui?
461 999 558 1060 discite
575 1001 761 1076 orationem,
779 1000 900 1062 Pontifi-

212 1102 282 1156 ces,
303 1081 335 1142 &
353 1102 432 1155 ¹vos,
453 1081 622 1142 Flamines:
644 1083 732 1141 etiam
753 1099 806 1156 ru,
826 1102 896 1156 rex,

211 1161 287 1226 disce
307 1163 439 1243 agenrili
453 1179 538 1233 ruo3
581 1181 734 1243 uamquam
754 1162 804 1223 ille
823 1182 899 1245 gen-

212 1261 275 1304 tem
289 1243 369 1304 illam
383 1243 497 1321 reliquit
508 1262 516 1300 t
528 1183 580 1302 sed
591 1258 689 1304 tamen
705 1240 781 1304 disce
795 1243 831 1302 ab
844 1242 899 1303 ho·

211 1325 291 1384 mine
308 1321 494 1403 religionibus
508 1321 630 1396 dedito,
643 1321 717 1400 justo
730 1367 740 1396 ‚
753 1339 816 1384 tum
831 1344 898 1384 om·

212 1406 292 1467 nium
307 1402 478 1484 religionum
494 1406 600 1484 perito.
616 1403 722 1483 Quid?
736 1406 766 1464 in
780 1404 899 1466 dedica·

213 1485 295 1545 tione
305 1504 404 1545 nonne
420 1484 452 1544 &
465 1486 527 1565 quis
539 1484 628 1558 dicit,
639 1484 770 1567 &quid‚
781 1485 814 1545 dc
825 1506 899 1566 quo-

213 1565 331 1638 modo,
348 1565 505 1647 quaeritur?
525 1564 576 1625 An
593 1583 625 1625 tu
640 1565 701 1624 haec
717 1568 756 1625 ita
773 1566 897 1631 confun-

214 1646 279 1720 (Ιίς,
296 1646 328 1707 &
347 1646 518 1725 perturbas,
540 1663 571 1705 ut
585 1691 596 1720 ,
612 1647 784 1727 quicumque
802 1647 896 1724 velit,

214 1727 294 1809 quod
312 1729 404 1802 velit,
420 1727 572 1809 quomodo
588 1727 684 1800 velit,
701 1729 793 1805 possit
812 1726 898 1786 dedi-

215 1808 305 1870 care?
328 1810 390 1889 quis
410 1829 472 1869 eras
488 1826 545 1881 ru,
566 1808 615 1888 qui
636 1805 815 1868 dedicabas?
839 1828 898 1888 quo

213 1888 302 1969 jure?
342 1889 380 1949 ud
396 1889 461 1975 lege
474 1888 558 1979 ?2q1¹0
578 1887 714 1967 exemplo
730 1886 742 1946 l
760 1887 817 1967 qud
837 1909 897 1968 po..-

215 1912 341 2034 testatel
357 1970 406 2031 uhi
417 1991 455 2032 :te
475 1969 521 2030 isti
542 1971 584 2030 rei
605 1968 729 2108 populus
747 1965 898 2028 Romanus

214 2052 407 2131 praefecerari
423 2052 512 2111 video
528 2051 606 2111 enim
622 2070 639 2109 e
662 2049 792 2130 elegem
810 2065 899 2110 uete-

214 2151 278 2190 rem
296 2132 492 2205 tribunitiam,
507 2151 571 2212 quae
590 2146 693 2202 vetet,
710 2127 812 2208 injullu
829 2129 897 2212 ple·

213 2209 258 2268 bis
278 2210 376 2285 aedes,
392 2228 520 2284 terram,
536 2230 614 2269 aram
635 2208 803 2271 consecrare
819 2230 826 2269 :
846 2230 897 2271 ne·

210 2309 272 2371 que
291 2306 353 2349 tum
373 2292 431 2350 hoc
452 2291 500 2351 ille
525 2289 569 2369 Q
594 2289 740 2371 Papirius,
755 2293 803 2372 qui
822 2290 896 2352 hanc

210 2367 311 2510 leffem
334 2372 473 2455 rogavit,
492 2371 603 2444 sensit,
627 2391 724 2453 neque
746 2370 896 2452 suspicatus

207 2467 229 2510 n
267 2496 280 2523 ‚
299 2451 365 2514 fore
387 2453 570 2535 periculum,
592 2472 630 2512 ne
657 2451 825 2525 domicilia,
848 2468 896 2512 aut

232 2530 405 2596 otlessiones
416 2535 654 2595 indemnatorum
671 2534 776 2593 civium
795 2531 898 2595 conse·

202 2548 361 2677 Emrenurr
377 2637 384 2676 :
399 2636 500 2699 meque
520 2616 600 2676 enim
619 2614 650 2674 id
666 2612 730 2675 fieri
750 2610 794 2673 fas
812 2629 896 2691 erat,

198 2704 310 2774 *neque
326 2697 393 2781 quis
408 2720 475 2759 uam
491 2696 624 2769 fecerat,
642 2713 738 2776 neque
754 2709 815 2755 erat
828 2715 896 2753 cau·

200 2762 235 2826 ὦ
247 2794 326 2843 rtur
339 2720 524 2861 prolribendo
543 2798 602 2835 non
619 2794 679 2838 tam
696 2776 841 2858 deterrere
853 2776 896 2851 yi-

199 2844 352 2934 detetur,
367 2860 454 2945 quim
465 2861 643 2938 admonere·
