2117 3942
265 406 345 486 402
491 383 710 455 Onam

264 501 403 587 postulo,
424 497 493 581 quin
514 500 706 573 criminibus,
732 518 796 581 quae
820 496 951 562 inbuite

263 583 381 666 proprie
402 578 617 654 conferuntur,
644 581 863 664 diligentissime
883 602 950 643 res-

262 664 433 747 pondeam,
452 681 513 722 non
530 660 641 722 recuso.

226 780 228 783 -
303 743 403 804 XIII.
427 741 500 804 Sunt
517 761 616 804 autem
630 742 688 801 duo
704 741 848 816 crimina,
865 740 945 816 auri,

263 823 297 886 δι
315 826 422 887 veneni
442 845 452 897 ;
473 824 625 904 inquibus
649 843 707 883 una
728 839 817 904 atque
841 822 947 884 eadem

263 906 388 986 persona
406 920 544 987 urgetur:
563 924 662 964 aurum
677 902 823 985 sumptum
841 925 859 962 a
876 900 950 965 Clo-

263 986 336 1060 dia;
359 1005 507 1047 venenum
530 987 703 1066 quaesitum,
729 984 810 1065 quod
833 981 947 1046 Clodiae

264 1065 402 1141 daretur,
422 1066 550 1125 dicitur:
574 1067 673 1126 omnia
698 1062 762 1124 sunt
784 1065 863 1138 alia,
887 1086 946 1125 non

263 1149 413 1219 crimina,
438 1145 489 1207 sed
512 1145 663 1206 maledifla
685 1141 729 1224 jur
750 1147 769 1204 ‘i
792 1145 945 1226 petulantis

262 1229 376 1310 magis,
401 1225 488 1306 qulm
511 1225 634 1306 publicae
655 1165 829 1308 quaellionis.
850 1224 947 1286 Adul·

261 1322 324 1381 ter,
338 1305 517 1388 impudicus,
534 1304 692 1386 sequester,-
709 1308 872 1366 convicium
886 1303 943 1379 est,

262 1403 323 1448 non
342 1385 511 1447 accusatio:
539 1387 649 1447 nullum
673 1385 713 1447 est
737 1389 817 1447 enim
839 1384 947 1446 funda·

261 1484 394 1529 mentum
416 1467 522 1527 horum
545 1467 718 1541 crimindm',
738 1466 819 1527 nulla
839 1463 944 1527 sedes:

260 1566 352 1608 voces
368 1546 430 1606 sunt
448 1546 662 1607 contumeliosae
680 1591 689 1620 ‚
705 1547 817 1608 temere
834 1546 871 1607 ab
889 1549 949 1608 ira·

261 1641 293 1688 to
314 1627 498 1700 accusatore,
517 1627 599 1689 nullo
620 1627 759 1700 anhlote,
780 1625 896 1688 emiffae.

305 1725 352 1787 3¹·
381 1708 498 1768 Horum
525 1707 654 1768 duorum
676 1710 830 1768 criminum
855 1707 947 1770 video

260 1785 375 1848 fontem
392 1832 402 1858 ,
422 1787 512 1848 video
529 1788 677 1849 audiorem
695 1788 814 1860 ,video
835 1803 946 1850 certum

260 1888 370 1930 nomen
389 1914 398 1940 ‚
416 1869 448 1928 &
465 1883 561 1949 caput.
585 1871 666 1929 Auro
683 1889 758 1950 opus
774 1867 849 1929 fuit:
869 1867 946 1930 sum·

259 1950 317 2030 psit
332 1972 348 2008 a
369 1947 500 2022 Clodia,
516 1948 635 2028 sumpsit
653 1950 714 2009 sine
730 1947 826 2024 teste,
846 1947 945 2010 habuit

259 2029 398 2108 quamdiu
414 2030 525 2094 voluit:
548 2031 706 2088 maximum
725 2029 817 2091 video
833 2032 854 2090 si
876 2049 944 2090 num

259 2108 406 2187 eujusdam
437 2113 559 2194 eregiae
591 2109 802 2180 familiaritatis.
862 2130 945 2174 ecare

260 2189 396 2250 eamdem
413 2131 526 2266 voluit,
546 2196 677 2274 quaesivit
694 2215 866 2271 venenum,
885 2197 944 2258 sol·

259 2267 380 2329 licitavit
392 2292 465 2350 quos
480 2278 596 2352 potuit,
613 2278 744 2355 paravit,
763 2277 861 2337 locum
872 2299 942 2339 con·

258 2346 367 2424 stituit,
389 2351 500 2410 attulit:
518 2374 656 2447 magnum
672 2355 764 2416 rursus
784 2358 883 2418 odium
896 2361 942 2418 vi-

260 2429 319 2491 deo
347 2451 412 2492 cum
436 2432 635 2495 crudelissnno
664 2435 780 2498 discidio
801 2436 939 2500 exstitiffe.

260 2510 320 2573 Res
341 2510 381 2574 est
399 2515 493 2573 omnis
508 2516 538 2573 in
559 2515 612 2574 hac
628 2516 709 2578 causa
728 2519 813 2579 nobis
828 2563 837 2592 ,
857 2519 937 2580 ludi-

260 2613 329 2668 ces,
344 2614 410 2653 cum
422 2592 549 2669 Clodii,
565 2596 686 2658 muliere
703 2620 763 2659 non
775 2598 867 2660 solhm
882 2622 934 2660 no·

259 2671 330 2750 bili,
342 2673 390 2736 sed
405 2676 489 2735 etiam
507 2676 596 2736 noti:
618 2678 655 2740 de
667 2700 723 2758 qua
740 2700 798 2762 ego
817 2679 887 2742 nihil
899 2679 934 2740 di·

261 2773 346 2829 eam,
362 2758 415 2815 nisi
429 2756 595 2837 depellendi
609 2761 733 2820 criminis
747 2759 841 2822 causi.

303 2853 350 2913 32.
373 2835 434 2897 Sed
444 2839 577 2922 intelligis
592 2861 647 2920 pro
658 2856 709 2901 tua
722 2839 930 2922 praestantipm·
981 2852 987 2889 Ι

261 2910 384 2995 dentia,
405 2915 464 2982 Cn.
485 2917 621 2998 Domiti,
642 2942 709 2985 cum
728 2923 784 2986 hac
799 2921 859 2986 sola
875 2936 927 2982 rem
979 2927 987 2969 ²
