2117 3942
268 385 347 470 '452
490 331 719 441 Olario

267 491 321 550 bac
337 487 406 548 urbe
424 483 516 564 majus
536 482 672 567 umquam
689 486 858 547 incendium
877 488 952 562 fuit,

253 572 312 630 cui
325 588 383 629 non
397 565 495 627 consul
510 564 692 627 subvenerit?
707 566 750 626 At
765 584 797 626 tu
818 568 870 628 illo
892 571 952 651 ipso

266 667 401 729 tempore
415 646 492 727 apud
512 646 623 706 socrum
640 663 722 707 tuam
743 649 840 729 prope
852 671 869 708 a
883 654 952 711 meis

269 731 397 801 aedibus,
416 725 496 806 cujus
522 727 642 787 domum
662 728 698 787 ad
720 748 818 788 meam
845 731 953 790 exhau-

267 810 400 871 riendam
445 806 603 868 atefeceras
622 853 632 881 ,
654 806 799 881 sedebas,
820 829 885 869 non
906 831 953 872 ex·

267 890 403 962 stiodior,
416 829 466 948 sid
484 887 583 947 audon
601 888 747 959 incendii,
767 889 800 948 &
818 891 953 952 ardentes

268 970 345 1031 faces
372 968 450 1030 furiis
479 965 628 1028 Clodianis
653 988 729 1049 pene
758 967 820 1049 ipse
852 970 948 1031 consul

272 1049 458 1110 ministrabas.
870 1088 873 1096 ι

310 1129 388 1190 Xll.
405 1129 455 1188 An
473 1129 545 1188 verb
564 1128 677 1207 reliquo
696 1143 834 1208 tempore
854 1129 950 1190 consu·

268 1210 328 1270 lem
342 1224 372 1269 te
385 1207 532 1290 quisquam
553 1207 632 1268 duxit
643 1208 660 1267 i<
671 1207 821 1288 quisquam
837 1211 892 1270 tibi
902 1232 949 1291 pa·

269 1289 344 1350 ruit?
356 1288 502 1372 quisquam
512 1290 656 1348 incuriam
664 1291 796 1349 venienti
807 1287 952 1351 alluserit?

270 1369 416 1451 quisquam
438 1367 595 1428 consulenti
617 1367 853 1448 respondendum
871 1389 953 1450 puta·

269 1449 334 1511 vit?
348 1449 539 1509 numerandus
560 1448 601 1508 est
617 1449 664 1508 ille
678 1470 769 1508 annus
783 1450 906 1530 denique
921 1453 950 1509 in

268 1530 435 1610 republica,
456 1548 544 1608 quum
559 1527 744 1589 obmutuisset
762 1528 898 1603 senatus,
912 1529 953 1610 ju-

269 1610 343 1670 dicia
369 1606 588 1680 conticuissent,
608 1627 767 1669 moererent
795 1611 889 1682 boni,
912 1614 951 1670 vis

269 1691 411 1750 latrocinii
421 1687 506 1752 vestri
522 1691 585 1749 toti
601 1689 670 1749 urbe
686 1691 847 1762 volitaret,
862 1711 952 1774 neque

271 1774 341 1831 civis
352 1792 424 1830 unus
437 1791 473 1830 ex
489 1773 626 1841 civitate,
640 1769 689 1829 sed
701 1769 760 1850 ipsa
777 1773 882 1832 civitas
894 1790 950 1843 tuo,

273 1853 307 1912 ὅ(
321 1849 439 1910 Gabinii
452 1850 570 1921 sceleri,
588 1848 735 1930 furorique
749 1850 899 1912 cessisset?
914 1849 952 1912 At

271 1949 388 1992 netum
408 1931 526 2014 quidem
549 1928 707 2006 emersisti,
728 1931 874 1993 lutulente
889 1930 952 1993 Cae-

272 2011 354 2086 soni,
372 2032 408 2072 ex
426 2010 585 2070 miserrimis
605 2028 712 2070 naturae
726 2028 783 2070 tuae
802 2011 952 2085 sordibus,

271 2113 360 2172 quum
377 2090 544 2170 experredla
564 2091 683 2151 tandem
695 2091 786 2151 virtus
806 2093 950 2152 clarissimi

271 2175 347 2242 viri,
366 2173 546 2232 celeriter&
565 2192 666 2231 verum
683 2175 830 2246 amicum,
851 2174 884 2232 &
903 2194 952 2252 op·

272 2252 342 2310 timi
364 2254 498 2310 meritum
518 2254 635 2325 civem,
657 2253 689 2312 ὅ(
707 2251 788 2311 suum
809 2251 953 2332 pristinum

274 2350 389 2390 morem
402 2333 569 2410 requisivit;
580 2352 674 2413 neque
685 2330 725 2393 est
742 2333 794 2392 ille
809 2335 857 2392 vir
867 2330 952 2414 passus

273 2412 304 2470 in
329 2431 364 2470 ea
389 2411 562 2489 republica,
592 2433 677 2491 quam
698 2410 757 2492 ipse
782 2413 953 2484 decorarat,

272 2509 358 2571 atque
372 2507 507 2560 auxerat,
525 2490 627 2551 diutius
638 2490 800 2553 vestrorum
815 2492 952 2554 scelerum

272 2570 383 2652 pestem
401 2574 527 2631 morari:
542 2593 629 2652 quum
649 2589 747 2632 tamen
765 2574 836 2647 ille,
853 2575 951 2654 qualis·

272 2671 396 2732 cumque
411 2650 471 2724 est,
485 2655 533 2732 qui
545 2651 585 2712 est
597 2654 633 2711 ab
649 2673 708 2711 uno
721 2669 751 2713 te
768 2655 951 2734 improbitate

272 2731 382 2804 viiius,
397 2730 555 2806 Gabinius,
573 2733 690 2813 collegit
706 2732 765 2812 ipse
779 2733 810 2794 se
822 2737 873 2794 vix
882 2755 892 2805 ;
906 2731 950 2793 sed

274 2811 393 2892 collegit
410 2828 528 2886 tamen,
546 2814 577 2872 ὃ(
594 2832 696 2873 contra
711 2813 791 2873 suum
803 2810 949 2881 Clodium,

274 2893 398 2972 primum
411 2893 561 2969 simulati,
574 2893 679 2956 deinde
690 2915 750 2957 non
762 2893 906 2970 libenter,
918 2891 955 2954 ad
