2117 3942
195 394 276 474 534
425 375 655 447 Oumo

198 511 286 574 quem
305 506 337 549 tu
356 488 482 552 habebas
503 511 607 565 reum,
627 511 678 552 cur
694 487 748 548 abs
767 505 799 548 te
819 509 880 550 reus

197 593 258 635 oon
278 569 319 631 esi
336 569 447 632 fassus?
466 593 517 632 cur
533 592 595 631 non
613 569 676 650 ejus
694 569 879 630 damnatione

196 650 304 731 aliquid
320 651 357 710 ad
377 653 435 713 hoc
453 649 595 731 judicium
613 647 779 732 praejudicii
799 671 879 710 corn·

196 729 321 812 parasti?
342 729 401 792 Sed
417 752 515 820 neque
529 749 561 791 tu
573 732 662 792 habes
680 731 745 790 haec
755 775 768 802 ,
788 750 880 811 neque

197 815 240 872 eis
260 809 402 871 confidisz
425 813 479 872 alia
499 828 529 872 te
543 814 641 884 ratio,
663 811 721 870 alie
742 813 881 893 cogitatio

197 891 235 950 ad
252 889 332 971 spem
351 890 433 971 hujus
448 892 633 972 opprimendi
649 893 812 951 excitavit:
826 912 880 950 ma·

199 992 265 1053 gnae
286 970 397 1032 suntin
411 989 443 1032 te
461 992 559 1052 opes:
577 972 635 1032 late
659 986 743 1051 patet
767 974 878 1110 qratia:

199 1051 281 1112 multi
301 1055 407 1124 amici,
424 1053 508 1112 multi
528 1053 626 1131 cupidi
644 1054 706 1125 rui,
720 1071 772 1109 mu
784 1055 806 1110 ti
819 1050 878 1110 fau·

196 1148 277 1192 tores
300 1131 390 1191 laudis
414 1147 492 1191 tuae:
519 1132 601 1191 multi
624 1130 693 1191 huic
719 1131 876 1192 invident:

197 1211 294 1273 multis
308 1213 395 1271 etiam
412 1229 514 1290 pater,
535 1212 662 1292 optimus
676 1213 746 1283 vir,
765 1214 877 1271 nimium

197 1294 325 1351 retinens
343 1289 478 1371 equestris
497 1287 565 1369 juris
586 1291 618 1351 ὃ(
639 1290 784 1350 libertatis
803 1291 878 1351 vide·

197 1385 262 1431 tur:
284 1369 366 1429 multi
381 1374 467 1430 etiam
489 1391 661 1431 communes
681 1374 795 1430 inimici
816 1391 877 1431 reo·

196 1471 262 1511 rum
277 1453 409 1510 omnium
417 1471 427 1523 ;
441 1453 490 1531 qui
504 1453 543 1511 ita
555 1451 670 1530 semper
684 1449 876 1512 testimonium

196 1530 236 1590 de
251 1529 361 1589 ambitu
378 1528 496 1604 dnum,
511 1533 592 1611 quasi
606 1548 654 1590 aut
667 1550 814 1593 moveant
825 1533 875 1590 ani·

195 1629 261 1671 mos
280 1606 408 1684 judicum
425 1608 479 1670 suis
489 1605 680 1683 testimoniis,
700 1630 751 1671 aur
771 1629 876 1692 gratum

195 1687 307 1770 populo
321 1688 457 1750 Romano
477 1694 535 1764 sit,
548 1691 645 1750 autab
661 1711 699 1750 eo
718 1691 828 1752 facilius
840 1691 876 1750 ob

196 1788 262 1835 eam
281 1769 411 1842 causam,
429 1772 619 1853 dignitatem,
641 1792 733 1851 quam
755 1773 875 1842 volunt,

195 1848 414 1928 consequantur.

240 1929 286 2007 56.
311 1929 489 2007 Quibuscum
509 1948 576 2002 me,
595 1928 734 2003 Iudices,
752 1949 873 2010 pugnau-

195 2027 255 2068 tem
283 2030 351 2069 meo
370 2029 453 2069 more
480 2010 597 2090 pristino
625 2029 687 2068 non
712 2011 868 2070 videbitis:

194 2110 256 2149 non
274 2091 332 2167 qub
350 2091 419 2148 mihi
437 2089 479 2148 fas
495 2093 530 2148 sit
545 2089 703 2170 quidquam
722 2090 873 2171 defugere,

193 2169 274 2247 quod
292 2169 363 2228 salus
384 2169 488 2229 Plancii
509 2169 656 2250 postulet3·
676 2169 729 2229 sed
745 2174 811 2252 quia
828 2190 873 2229 ne·

193 2267 250 2327 que
272 2247 385 2307 necesse
404 2248 445 2308 est
465 2294 473 2321 ‚
494 2271 544 2309 me
565 2251 595 2308 id
619 2248 756 2330 persequi
783 2271 872 2320 voce,

194 2325 277 2408 quod
292 2348 347 2385 vos
367 2345 466 2387 mente
480 2330 623 2402 videatis3
640 2330 674 2388 ὃ(
689 2330 772 2409 quod
789 2335 827 2390 ita
843 2330 875 2388 de

192 2429 242 2469 me
264 2407 357 2467 meriti
374 2407 436 2466 sunt
455 2408 496 2466 illi
512 2412 566 2488 ipsi
588 2453 597 2482 ‚
619 2429 693 2490 quos
715 2430 774 2491 ego
796 2409 872 2470 testes

191 2489 281 2551 video
301 2505 439 2568 paratos,
451 2505 483 2547 ut
501 2509 603 2550 eorum
618 2489 872 2569 reprehensionem

125 2586 127 2591 ·
192 2591 248 2629 vos
263 2567 365 2629 vestrae
382 2569 542 2648 prudentia
552 2567 690 2630 assumere
703 2614 716 2641 ‚
731 2591 808 2632 meae
818 2590 874 2630 mo·

192 2648 287 2709 destia
307 2652 453 2711 remittere
471 2649 609 2710 debeatis.
629 2648 703 2708 lllud
721 2671 813 2710 unum
825 2669 873 2710 vos

193 2749 373 2810 magnopere
388 2751 462 2803 oro,
477 2746 562 2811 atque
581 2728 727 2800 obsecro,
743 2731 873 2803 Judices,

192 2828 281 2889 quum
298 2808 405 2888 hujus,
424 2830 512 2892 quem
530 2809 687 2880 defendo,
707 2826 773 2871 tum
796 2832 873 2871 com·

193 2892 285 2951 munis
299 2893 418 2970 periculi
435 2893 519 2952 causi
538 2936 548 2966 ‚
571 2911 608 2952 ne
625 2889 696 2952 fietis
719 2891 874 2954 auditioni-
