2117 3942
297 388 397 461 Pro
422 390 474 462 M.
503 393 683 464 Coezro.
745 412 821 491 403

137 501 198 565 effe
216 503 322 566 nobis:
339 505 484 587 quasise
503 528 605 568 aurum
620 506 718 569 Coeiio
737 528 825 569 eom·

136 583 270 647 modaffe
289 606 350 646 non
370 585 471 660 dicit,
493 589 517 647 ni
539 607 687 648 venenum
707 589 745 648 ab
766 590 825 650 hoc

134 665 194 724 eibi
211 681 344 747 paratum
364 665 421 727 effe
438 688 499 727 non
518 671 611 748 arguit
627 689 637 740 ;
660 670 824 750 petulanter

134 743 280 819 facimus,
302 749 327 806 si
342 745 590 806 matremfamilias
607 747 715 822 secur,
736 750 826 831 quim

136 842 338 888 matronarum
363 824 493 886 santiitas
515 825 667 908 postulat,
688 833 826 892 nomina·

136 926 203 967 mus
218 928 227 966 τ
245 909 290 967 sin
307 951 319 979 ,
337 905 388 967 ista
406 907 526 968 muliere
543 909 677 982 remoti,
695 930 750 970 nec
770 913 825 970 cri-

135 1006 208 1047 rnen
228 988 341 1060 ullum,
368 1008 424 1048 nee
445 1009 519 1068 opes
536 988 574 1048 ad
595 990 825 1070 oppugnandum

137 1064 269 1128 Coelium
285 1068 340 1128 illis
358 1056 575 1148 relinquentui3
633 1069 662 1128 id
674 1068 715 1129 est
726 1070 824 1144 aliud,

132 1146 220 1227 qnod
237 1168 293 1208 nos
312 1151 430 1228 patroni
452 1147 547 1208 facere
567 1150 604 1210 de
627 1169 725 1210 eamus
741 1195 752 1225 ‚
770 1150 826 1209 nisi

136 1243 242 1288 utens
263 1271 274 1301 ‚
306 1228 356 1307 qui
382 1226 554 1289 inseEtantur
575 1274 588 1300 ‚
615 1229 789 1310 repellamus
810 1229 823 1290 ἓ

135 1306 220 1387 qnod
237 1306 357 1388 quidem
378 1307 506 1369 facerem
523 1309 748 1381 vehementiirs,
771 1311 826 1368 nisi

134 1388 355 1448 intercederent
381 1388 451 1447 mihi
481 1391 637 1450 inimicitie
659 1410 726 1448 cnm
748 1387 825 1448 istius

135 1467 266 1527 mulieris
278 1470 362 1527 viro:
379 1467 498 1528 fratrem
516 1471 599 1530 volui
612 1469 707 1531 dicere
719 1491 729 1543 ;
747 1469 825 1529 sem·

130 1580 133 1585 ·
209 1546 255 1607 h1c
276 1567 344 1609 erro
362 1568 370 1606 :
394 1569 472 1642 nunc
494 1570 578 1631 agam
599 1551 744 1621 modice,
767 1570 824 1610 nec

130 1628 548 1790 «ἓέῗῂῗρῖἱοὲἑξέῗῖᾞέξυῗ
557 1629 823 1770 ‘23133231533155

230 1809 277 1849 nm
292 1790 452 1848 inimicitias
468 1789 537 1847 mihi
548 1791 688 1869 gerendas
701 1791 801 1871 putavi
812 1814 824 1863 ·,

130 1890 198 1953 prae
208 1870 296 1929 ettim
309 1889 377 1928 curn
394 1888 429 1930 ea
441 1870 460 1942 ,'
476 1889 563 1948 quarn
582 1890 685 1929 omnes
708 1868 823 1949 semper

133 1952 262 2010 amicam
280 1951 412 2008 omnium
427 1950 544 2029 petiis,
557 1949 646 2032 quim
657 1948 825 2031 cuiusquam

132 2031 284 2091 inimicam
321 2045 485 2091 utaverunt.

135 2158 138 2163 .
178 2109 277 2170 xlv.
312 2111 351 2172 ed
360 2127 457 2170 tamen
472 2130 506 2170 ex
519 2109 577 2192 ipsa
590 2131 714 2192 quaeram
726 2112 823 2193 priirs,

135 2194 234 2252 utritm
253 2211 302 2252 me
320 2191 415 2252 secum
429 2191 549 2265 severe,
568 2193 600 2252 &
620 2196 768 2274 graviter,
788 2193 822 2253 &

137 2271 231 2353 prisce
245 2292 331 2354 agere
344 2273 443 2346 maht,
457 2294 493 2331 an
507 2272 641 2346 remisse,
654 2295 687 2334 ac
700 2274 824 2347 leniter,

139 2353 174 2413 &
186 2353 297 2412 urbane
311 2373 318 2411 :
334 2356 356 2412 si
371 2352 422 2412 illo
437 2351 549 2414 austero
567 2375 650 2415 more
664 2377 697 2414 ac
711 2354 824 2423 modo,

138 2433 240 2513 aliquis
257 2433 328 2493 mihi
345 2435 381 2493 ab
401 2433 498 2494 inferis
520 2435 686 2496 excitandus
702 2432 744 2493 est
758 2477 767 2505 ‚
786 2452 823 2491 ex

138 2512 267 2573 barbatis
285 2514 364 2590 illis,
385 2535 445 2577 non
467 2515 521 2577 hac
542 2515 682 2586 barbula,
699 2513 755 2592 qui
772 2509 824 2569 ista

85 2654 88 2659 .
142 2593 321 2666 deleehtuu
335 2594 385 2654 sed
401 2594 449 2653 ina
464 2593 601 2667 horridi,
617 2613 705 2674 quarn
720 2593 749 2649 in
767 2588 824 2648 sta·

85 2672 92 2735 ἶ,
142 2677 196 2734 tuis
212 2676 336 2755 antiquis
358 2677 390 2736 &
414 2675 584 2755 imaginibus
601 2674 757 2743 videmus3
773 2673 824 2752 qui

85 2742 92 2763 ⁵
145 2754 276 2839 objurget
293 2757 464 2828 mulierem,
479 2755 511 2815 &
532 2776 585 2835 pro
601 2775 649 2814 me
667 2753 825 2890 leffiuatur,

146 2852 181 2895 ne
197 2835 248 2897 ista
266 2837 337 2897 mihi
350 2836 426 2897 forte
444 2835 614 2896 succenseat.
633 2833 690 2893 Exs
725 2849 752 2892 at
768 2833 823 2914 igi·

85 2920 89 2934 '
147 2927 190 2976 tur
201 2936 239 2980 ex
256 2917 310 2980 hac
330 2917 389 3001 ipsa
404 2917 511 2980 familia
523 2915 643 3003 aliquis3
657 2935 690 2974 ac
705 2913 824 2997 potissi·
