2117 3942
259 377 261 381 ·
309 355 411 426 Pao
443 358 485 428 P.
515 361 739 428 Sento.
792 374 871 451 245

188 470 392 552 flammamque
411 471 551 552 depellit3
567 474 616 554 qui
633 473 686 536 sibi
703 475 789 536 licere
808 476 872 536 vult

187 553 251 610 tuti>
271 550 328 612 elle
349 554 378 610 in
399 551 491 625 foro,
513 554 543 610 in
565 555 703 635 templo,
726 559 756 614 in
774 557 872 628 curia,

186 627 248 710 jure
262 631 427 711 praesidium
442 651 590 712 comparat
602 633 612 693 ἓ
623 637 672 714 qui
686 636 870 708 vulneribus,

187 732 250 792 quae
265 714 357 771 cernit
373 713 503 792 quotidie
518 728 588 772 toto
604 734 749 795 corpore,
764 735 870 775 mone-

185 806 254 864 tut,
273 808 306 850 ut
325 793 423 872 aliquo
444 792 577 872 praesidio
596 810 703 875 caput,
723 796 754 854 &
774 796 870 855 cervi·

186 891 254 945 tes,
271 872 303 932 &
318 870 449 954 jugulum
462 893 495 931 ac
508 873 600 932 latera
606 875 815 948 tutetut‚hunc
829 875 868 935 de
962 892 964 894 ’

186 954 217 1013 vi
231 951 422 1011 accusandum
436 951 545 1031 putas?

191 1056 194 1061 ·
226 1050 279 1110 9¹·
295 1032 372 1112 Quis
384 1035 463 1092 enim
476 1031 622 1104 vestrum,
636 1032 769 1107 Iudices,
783 1034 872 1115 igno·

184 1128 229 1172 rat
239 1158 250 1186 ‚
262 1114 303 1173 ita
316 1130 448 1172 naturam
465 1132 561 1173 tetum
576 1111 686 1186 tulisse,
698 1131 729 1173 ut
742 1115 871 1194 quodam

183 1209 323 1274 tempore
338 1193 492 1265 homines,
514 1192 645 1252 nondum
670 1213 765 1273 neque
788 1211 871 1255 natur

183 1273 259 1347 tali,
279 1293 375 1354 neque
390 1273 470 1332 civili
483 1269 546 1352 iure
562 1271 703 1353 descripto
718 1271 794 1347 ‚susi
817 1292 871 1354 per

183 1374 272 1436 agros
294 1374 328 1413 ac
348 1353 465 1434 dispersi
486 1370 682 1435 vagarentur,
701 1370 870 1436 tantumque

182 1432 356 1508 haberent,
378 1449 514 1514 quantum
536 1455 623 1494 manu
642 1455 675 1493 ac
693 1435 802 1494 viribus
816 1454 870 1516 pet

182 1514 299 1576 caedem
317 1535 349 1573 ac
369 1513 489 1574 vulnera
505 1530 557 1573 aut
579 1517 713 1595 eripere,
731 1530 780 1574 aut
801 1517 872 1575 reti-

182 1614 257 1656 nere
275 1592 431 1675 potuillent
447 1593 463 1652 ?·
477 1592 543 1673 Qui
556 1595 640 1675 igitur
660 1596 744 1675 primi
761 1597 870 1656 virtute

183 1676 217 1735 δι
238 1674 363 1734 consilio
384 1672 527 1755 praestanti
548 1673 740 1746 exstiterunt,
762 1678 781 1734 ii
800 1695 870 1755 per·

183 1754 284 1837 spello
311 1774 418 1836 genere
447 1754 578 1814 humanae
600 1755 754 1816 docilitatis
783 1772 870 1836 atque

183 1837 326 1918 ingenii,
350 1835 414 1894 diss‘
438 1852 502 1894 atos
521 1855 611 1894 unum
628 1837 658 1895 in
676 1834 776 1895 locum
795 1856 871 1895 con-

185 1933 361 1999 gregarunt,
375 1857 483 1996 eoEue
502 1934 539 1974 ex
558 1915 672 1975 feritate
691 1915 738 1973 illa
758 1915 794 1973 ad
811 1913 871 1992 jus·

183 1999 278 2057 titiam
307 2014 393 2078 atque
424 1994 671 2055 mansuetudinem
701 1994 873 2055 transduxe-

185 2096 262 2138 runt.
276 2076 357 2136 Tum
374 2097 419 2137 res
439 2076 475 2134 ad
496 2095 685 2135 communem
697 2076 870 2150 utilitatem,

186 2179 257 2239 quas
275 2158 404 2237 publicas
421 2156 621 2237 appellamus,
638 2172 699 2214 tum
718 2158 872 2216 conventi·

186 2239 250 2299 cula
263 2239 442 2310 hominum,
457 2258 519 2316 quae
543 2234 643 2316 postea
662 2238 790 2297 civitates
815 2259 871 2297 no·

185 2321 303 2379 minatae
321 2316 409 2390 sunt,
432 2335 495 2377 tum
521 2317 666 2376 domicilia
691 2315 870 2396 conjunlla,

187 2420 256 2479 quas
275 2399 362 2458 urbes
380 2399 519 2471 dicimus,
534 2400 655 2458 invento
673 2399 705 2457 &
722 2400 821 2458 divino
836 2398 871 2457 &

187 2479 315 2539 humano
332 2476 414 2558 jure,
436 2479 579 2538 moenibus
594 2477 752 2557 sepserunt.

227 2578 280 2638 92.
294 2559 393 2640 Atque
410 2563 485 2619 inter
501 2558 575 2617 hanc
589 2561 681 2617 vitam
695 2556 871 2636 perpolitam

188 2639 390 2712 humanitate,
408 2641 440 2699 &
461 2639 539 2698 illam
551 2641 708 2697 immanem
722 2635 792 2694 nihil
810 2652 871 2696 tam

189 2717 325 2794 interest,
342 2719 429 2800 quim
445 2717 489 2797 jus
503 2734 531 2777 at
552 2737 590 2788 ue
606 2719 672 2775 vis:
689 2716 792 2774 horum
804 2733 871 2778 utro

190 2803 228 2858 uti
243 2799 389 2872 nolimus,
408 2799 502 2858 altero
515 2739 555 2858 eli
566 2795 720 2856 utendum.
732 2795 802 2856 Vim
816 2819 872 2857 voe

190 2877 282 2943 lumus
304 2878 444 2962 exstingui
460 2879 470 2939 l
489 2876 534 2961 jus
556 2876 652 2941 valeat
679 2876 789 2940 necelle
811 2877 876 2956 est,

651 2955 750 3040 *Lai
