2117 3942
211 362 285 418 na
305 349 618 420 Annrnrcvu
639 357 777 424 Rure.
807 375 875 450 171

184 482 279 544 quem
389 460 497 521 clarum
514 461 687 540 hominem,
706 485 794 551 atque
819 493 881 552 op.

185 544 259 605 time
301 541 486 621 erepublica
502 541 576 624 saepe
596 549 758 622 meritum,
778 552 880 632 Impu-

186 624 291 683 tiaaimi
309 641 388 682 voce
403 621 529 682 hominis
541 626 645 685 violari
664 626 746 688 facile
763 633 880 709 patiun-

186 719 252 763 tur:
269 701 378 763 deiude
388 745 401 773 ,
419 702 500 783 qudd
516 703 697 780 existimant,
709 709 811 788 perditi
821 711 878 772 ho·

187 783 273 843 minis
299 781 504 921 proffiffiatique
528 784 688 846 maledidis
711 787 816 868 poste,
844 792 877 853 id

188 862 268 945 quod
292 864 395 922 minim
433 862 572 924 conducit
590 866 687 946 ipsis,
710 866 877 951 cujusquam

188 943 340 1026 gloriam,
365 941 595 1024 dignitatemque
615 946 719 1006 violari
736 968 744 1006 ε
764 948 877 1029 postre-

189 1026 259 1097 ωδ,
275 1021 360 1103 qudd
377 1042 439 1082 non
460 1022 584 1084 sentiunt
603 1024 656 1100 id,
675 1028 755 1106 quod
776 1047 876 1096 tamen

189 1105 255 1165 nihi
273 1101 337 1182 jam
353 1101 486 1183 suspicati
508 1103 665 1178 videntur,
683 1107 757 1166 illius
774 1107 877 1170 furen-

189 1200 233 1245 ter
249 1204 283 1243 ac
301 1182 454 1277 uiolentos
467 1184 592 1264 impetus
605 1185 636 1245 in
654 1184 683 1245 se
701 1186 777 1269 ipsos
793 1187 876 1270 poss'e

191 1280 333 1326 convertr.
916 1288 919 1295 ·

224 1362 273 1420 47.
295 1342 398 1423 Atque
421 1361 460 1404 ex
479 1342 534 1404 hac
556 1345 643 1405 nimia
664 1344 872 1408 nonnullorum

189 1423 360 1487 alienatione
378 1445 395 1484 a
412 1422 603 1504 quibusdam,
623 1426 733 1487 haetent
756 1445 791 1486 ea
812 1427 874 1488 tela

190 1505 216 1565 in
231 1504 383 1587 republica
399 1547 411 1577 ,
432 1524 496 1584 quae
516 1505 654 1586 quamdiu
673 1505 822 1567 haerebant
839 1510 870 1569 in

187 1604 334 1727 III&
359 1585 719 1728 ttIII‘IIII’I‘}
732 1586 870 1748 ζῖἷῗῧὲ

481 1707 490 1723 ·
633 1710 643 1740 r

186 1744 305 1809 dediffet
322 1746 379 1818 iis,
395 1765 520 1825 quotum
537 1747 679 1807 animosa
696 1744 790 1810 vestra
801 1768 871 1808 auc·

185 1830 300 1889 totitate
323 1823 468 1902 sejunaos
491 1822 547 1886 ess'e
572 1827 761 1887 arbitrabatur
780 1849 790 1900 3
815 1830 870 1887 nisi

187 1927 235 1969 eos
252 1910 284 1968 in
302 1906 411 1967 coelum
426 1903 479 1965 suis
492 1906 624 1966 laudibus
637 1909 787 1987 praelarus
805 1928 871 1967 auc·

186 1987 399 2051 torextolleret
411 2006 420 2059 ;
434 1988 658 2046 nisi.exercitum
672 1986 711 2048 C.
726 1985 867 2059 casaris,

184 2071 210 2129 in
225 2089 286 2152 quo
303 2066 442 2139 fallebat,
457 2065 505 2126 sed
519 2086 587 2126 eum
600 2086 694 2138 ¹nemo
709 2067 870 2147 redargue·

184 2150 245 2223 bat,
255 2150 312 2209 nisi
320 2167 389 2208 eum
397 2191 408 2218 ,
417 2149 553 2227 inquam,
564 2149 722 2206 exercitum
732 2150 818 2229 signis
826 2149 869 2206 in·

184 2227 255 2292 fedis
265 2232 298 2289 In
309 2230 420 2291 curiam
431 2226 459 2287 se
475 2225 661 2287 immiffurum
673 2230 848 2289 minitaretur
855 2249 866 2301 ;

184 2312 232 2371 uisi
255 2307 316 2370 Cn.
340 2307 485 2386 Pompeio
506 2307 666 2387 adjutore,
688 2309 733 2369 M.
762 2307 864 2369 Crasso

184 2389 319 2463 audone,
341 2409 407 2468 quae
424 2386 567 2459 faciebat,
587 2387 682 2449 facere
704 2392 867 2461 clamaret3

185 2472 234 2531 nsi
255 2467 391 2532 consules
416 2467 526 2527 causam
547 2467 723 2546 conjunxiffe
746 2469 865 2540 secum,

186 2551 283 2631 inquo
303 2570 367 2609 uno
386 2568 448 2607 non
468 2549 688 2620 mentiebatur,
711 2547 867 2607 confirma·

187 2647 240 2703 ret;
255 2648 317 2691 tam
337 2627 462 2688 crudelis
481 2630 558 2702 mei,
575 2645 635 2688 tam
648 2626 800 2688 sceleratus
811 2627 867 2685 rei·

188 2710 302 2790 publica
320 2725 447 2770 vexator
455 2706 515 2769 effe
534 2705 691 2788 potuisset?

219 2788 365 2850 XXIII.
387 2787 497 2863 Idem,
518 2786 707 2868 posteaquam
731 2781 866 2864 respirare

191 2888 235 2933 ros
255 2894 273 2934 a
298 2887 384 2936 metu
402 2869 488 2931 caedis
508 2913 518 2943 ‚
537 2886 688 2948 emergere
687 2863 863 3005 §utimin-

456 2959 463 2970 .
730 2967 749 3026 q
