2117 3942
266 363 346 440 432
430 333 437 336 ’
488 342 716 411 Ouinio

266 459 396 530 ludices,
408 456 503 515 civem
514 455 656 517 bonarum
669 454 772 513 artium
781 499 797 526 ,.
805 454 950 515 bonarum

266 539 407 621 partium,
425 537 571 594 bonorum
582 538 720 594 viroru'm.
736 533 881 595 Promitto
892 537 949 596 hoc

265 619 369 688 vobis,
381 616 412 675 &
423 615 586 693 reipublicae
596 614 745 694 spondeo,
760 618 784 674 si
794 615 886 673 modb
895 636 949 674 nos

266 699 319 778 ipsi
326 695 490 774 reipublicae
496 693 698 763 satisfecimus,
708 715 866 774 numquam
874 695 949 753 bunc

266 799 285 836 a
302 774 402 835 nostris
419 776 578 833 rationibus
599 772 757 851 sejunsium
772 774 855 834 sore:
869 775 951 854 quod

266 877 356 936 quum
374 853 462 913 fretus
478 854 574 912 nostri
591 853 781 913 familiaritate
798 857 950 933 promitto,

266 953 330 997 tuni
347 934 426 1016 qubd
447 934 600 993 durissimis
624 933 652 992 se
675 932 733 1012 ipse
760 933 872 1014 legibus
890 930 950 1012 jam

267 1017 411 1097 obligarit.
429 1013 535 1094 Neque
558 1015 636 1073 eiiiin
653 1010 769 1091 potest,
790 1017 840 1093 qui
855 1014 950 1074 homi-

267 1116 336 1156 nem
355 1093 553 1166 consularem,
571 1093 650 1173 quiid
667 1093 704 1151 ab
724 1112 763 1153 eo
784 1095 964 1174 rempubli-.

266 1197 331 1236 cam
349 1174 487 1235 violatam
502 1174 630 1243 diceret,
649 1174 679 1230 iii
696 1169 835 1249 judiciuin
854 1195 945 1233 voca-

268 1259 323 1327 rit,
342 1253 400 1334 ipse
420 1252 477 1314 effe
495 1256 523 1312 in
544 1253 691 1332 republica
706 1254 777 1312 civis
799 1253 950 1313 turbulen-

268 1351 329 1394 tus:
345 1355 405 1392 non
421 1331 534 1414 potest,
552 1334 601 1412 qui
613 1331 720 1391 ambitu
734 1352 772 1392 ne
784 1332 947 1394 absolutum

267 1414 384 1495 quidem
395 1415 498 1492 patitur
507 1409 563 1471 effe
573 1411 750 1484 absolutum,
761 1411 821 1492 ipse
830 1416 869 1472 im
891 1416 948 1475 une

267 1513 403 1572 umquam
427 1489 482 1550 elle
501 1491 628 1570 largitor.
651 1491 751 1552 Habet
767 1492 838 1551 aM.
878 1495 949 1554 oelio

266 1571 315 1632 res
332 1571 444 1643 ublica,
468 1570 605 1643 ludices,
636 1570 706 1629 duas
729 1571 947 1648 accusationes,

264 1595 328 1712 vel
336 1651 453 1711 obsides
469 1650 610 1731 periculi,
626 1651 675 1711 vel
695 1652 818 1732 pignora
839 1655 949 1714 volun·

265 1749 342 1792 latis.
673 1760 675 1765 '

269 1820 272 1825 ’
305 1812 356 1887 78.
370 1807 471 1887 Quare
488 1831 564 1883 oro,
583 1809 772 1892 obtestorque
787 1833 861 1885 vos,
871 1813 949 1873 Judi·

268 1913 336 1965 ces,
355 1907 385 1948 ut
404 1892 507 1969 quain
528 1893 643 1950 civitate
664 1894 760 1971 paucis
782 1892 826 1952 his
846 1894 946 1954 diebus

266 1973 334 2033 Sex.
349 1969 470 2030 Clodius
489 1970 630 2029 absolutus
638 1974 693 2044 sit,
718 1992 806 2051 quem
822 1995 880 2033 vos
897 1993 947 2053 per

266 2054 414 2112 biennium
424 2066 471 2107 aut
483 2049 640 2109 ministrum
650 2050 817 2123 seditionis,
835 2070 885 2112 aut
896 2054 946 2112 du·

266 2151 332 2191 cem
346 2128 471 2190 vidislis:
487 2133 535 2209 qui
552 2131 628 2190 aedes
644 2130 753 2204 sacras,
769 2134 818 2211 qui
831 2133 946 2192 censum

265 2210 368 2289 populi
381 2207 525 2281 Romani,
546 2214 593 2289 qui
610 2213 780 2271 memoriam
798 2213 945 2291 publicam

265 2288 318 2347 suis
340 2286 469 2346 manibus
489 2291 635 2362 incendit,
648 2291 797 2349 hominem
816 2295 878 2352 sine
893 2313 944 2366 re,

265 2370 327 2428 sine
343 2367 420 2438 fide,
440 2369 500 2425 sine
510 2367 576 2446 spe,
596 2373 657 2430 sine
672 2369 758 2442 sede,
775 2372 837 2431 sine
850 2371 944 2432 sortu-

264 2448 330 2509 iiis:
349 2465 424 2518 ore,
443 2446 565 2526 lingui,
585 2471 691 2525 manu,
713 2450 774 2510 viri
799 2455 881 2512 omni
899 2455 943 2512 in-

264 2532 412 2610 quinatum
423 2546 429 2583 :
440 2529 488 2606 qui
496 2525 592 2588 Catuli
601 2548 822 2589 monumentum
836 2530 942 2606 afflixit,

265 2628 361 2668 meam
379 2609 499 2667 domum
510 2608 612 2681 diruit,
629 2612 689 2681 mei
696 2607 789 2668 fratris
799 2613 940 2672 incendit:

264 2690 356 2765 quiin
375 2686 501 2759 Palatio,
526 2707 613 2768 atque
632 2692 661 2748 in
678 2689 755 2748 urbis
772 2692 865 2751 oculis
885 2692 939 2751 ser·

264 2768 333 2826 vitia
350 2767 386 2828 ad
403 2765 532 2844 caedem,
552 2770 830 2832 &inflammandam
842 2773 938 2831 urbem

795 2870 937 2913 incitavit:
