2117 3942
84 378 102 443 ·,
230 364 318 433 Pno
340 364 526 434 L.·Conu.
550 364 703 438 Bruto.
744 387 819 464 315

136 494 171 541 ttt
190 480 329 539 emnium
352 475 461 557 jndicio
481 478 549 559 plus
572 479 707 554 homini,
731 483 820 563 quim

138 562 203 623 dete
215 557 410 619 tribueretur?
424 580 461 617 an
476 558 590 638 pudor,
605 582 643 618 an
660 564 820 643 integritas,

137 662 174 703 au
191 640 296 721 religio
317 642 348 699 in
369 659 431 711 eo,
454 659 491 698 ιιι
513 638 658 720 diligentia
681 662 728 699 mn
751 663 819 705 uam

137 720 274 803 eequitita
298 716 366 779 eli?
393 739 482 800 quem
504 720 662 798 provincie
687 664 819 798 noiirae,

135 820 227 883 quiem
249 800 332 861 liberi
353 798 478 879 populi,
498 818 588 879 quem
606 819 637 858 re
658 819 711 872 es,
730 823 819 883 quem

135 874 821 1023 ianuarii-iuciritiatitigtigniidffintmiotiem⁹

134 1040 281 1180 spettndp
300 1003 463 1122 umquem,
485 1055 535 1100 aut
555 1003 687 1121 opttudti
708 979 822 1123 ceogiffi

136 1138 243 1185 verunt

135 1198 511 1355 „litil‘la‘ll‘lllss
522 1197 820 1343 tillss'llllulz

135 1362 269 1425 lendibus
324 1382 342 1423 e
360 1361 469 1422 debet:
486 1362 532 1420 cui
549 1361 660 1421 scitatus
676 1362 821 1442 populus-

134 1464 192 1527 que
211 1441 364 1505 Romanus
380 1441 562 1522 amplissime
582 1442 727 1523 dignitatis
742 1463 820 1522 pra·

135 1528 193 1585 mitt
215 1522 319 1596 dedit,
340 1543 401 1582 non
419 1519 574 1602 postulanti
594 1523 743 1603 imperia,
761 1543 819 1584 ve·

137 1606 199 1665 tim
209 1606 305 1667 etiem
313 1601 456 1663 recusanti
470 1623 477 1660 τ
492 1600 576 1683 hujus
595 1602 743 1675 delatio,
765 1603 817 1680 Iu,-

134 1683 215 1747 ὤεα
225 1728 237 1758 ,
249 1686 293 1745 -itt
307 1683 417 1765 quaeri,
433 1698 464 1741 ut
478 1683 510 1741 id
524 1697 649 1763 egetur,
668 1682 817 1746 licueritne

135 1766 164 1825 d
179 1764 305 1838 fatere,
323 1764 403 1844 quod
416 1761 505 1834 fecit„
524 1783 561 1821 an
579 1763 651 1822 verit
666 1807 674 1834 ,
692 1783 752 1822 non
770 1764 816 1823 di·

138 1864 223 1918 tam,
238 1865 305 1905 -ιιοιι
316 1844 448 1916 licuerit,
465 1841 515 1901 sed
529 1840 609 1901 nefas
623 1840 706 1902 fuerit
721 1842 734 1923 (
747 1864 818 1903 con-

139 1940 180 1987 trt
203 1924 300 1985 foedus
327 1924 428 1994 enim,
449 1921 479 1980 id
504 1920 570 1994 est,
591 1938 689 1980 eontra
714 1923 816 2002 populi

139 2003 264 2067 Romani
281 2004 454 2085 religionem
473 2002 505 2060 ὃ(
523 1999 611 2060 fidem
631 1999 726 2062 fecille
744 2003 817 2062 dici-

137 2082 206 2227 mli)
226 2106 289 2207 pon
304 2101 389 2165 turpe
407 2082 519 2164 populo
538 2080 674 2142 Romano
689 2081 700 2141 i
717 2104 816 2147 nonne

139 2186 175 2227 to
197 2186 240 2225 ts.

173 2245 217 2306 V.
239 2243 351 2306 Audivi
365 2243 424 2304 hoc
440 2243 478 2306 de
494 2258 615 2324 parente
632 2264 700 2306 meo
720 2264 811 2324 puer:

193 2346 224 2387 m
244 2325 288 2405 Q
307 2324 463 2397 Metellus,
482 2324 563 2384 Lucii
584 2324 676 2398 filius,
701 2326 812 2385 causam

136 2436 140 2441 ·
158 2428 174 2467 e
193 2407 323 2488 pecuniis
343 2406 507 2485 repetundis
529 2405 658 2477 diceret,
678 2406 746 2477 ille,
763 2407 813 2464 ille

141 2489 198 2560 tit„
218 2489 265 2547 cui
319 2488 378 2545 trite
394 2484 466 2545 salus
484 2485 614 2558 dulcior,
631 2483 718 2564 quim
740 2506 813 2543 con-

142 2564 244 2646 [petius
283 2567 350 2625 uit:
375 2570 423 2646 qui
446 2567 483 2625 de
502 2565 616 2624 civitate
638 2563 780 2623 decedere
797 2606 813 2635 ‚,

159 2650 221 2709 uim
235 2648 274 2709 de
287 2645 426 2707 sententia
441 2644 539 2705 maluit
554 2665 560 2701 ι
575 2645 632 2701 hoc
650 2645 731 2724 igitur
744 2662 813 2702 cau·

143 2666 194 2789 iun
209 2730 349 2797 dicente,
368 2746 456 2806 quum
468 2728 555 2805 ipsius
569 2722 671 2783 tabulae
689 2726 811 2783 circum-

86 2816 91 2899 i
146 2803 457 2891 ferrentur-inspiciendi
474 2805 598 2864 nominis
614 2803 715 2876 causi,
730 2802 810 2867 tuille

86 2904 94 2963 t
144 2888 262 2961 tuditem
280 2909 318 2951 ex
335 2887 389 2949 illis
407 2885 547 2969 equitibus
564 2884 725 2975 Romanis,
745 2906 809 2968 gra.

624 2963 690 3047 Oi,
