2117 3942
126 3246 223 3401 ἱ.

259 392 336 470 522
482 370 706 442 omno

258 493 337 574 gium
356 484 436 559 tulit3
494 486 517 545 is
535 505 596 546 non
617 484 680 544 tulit
718 481 935 561 ublicanusisi,

258 572 325 651 quia
334 568 443 657 primus
454 505 554 639 {inin
569 568 683 626 utrumi
719 562 804 625 sortis
820 564 880 627 effe
891 570 937 640 vis,

259 671 297 709 an
316 668 398 726 ejus,
419 651 468 728 qui
486 646 565 706 illam
583 647 680 728 legem
701 643 837 706 ferebat?
854 649 878 707 si
888 646 937 707 sor·

258 730 313 801 tis3
325 728 435 787 nullum
452 729 561 788 crimen
571 725 612 787 est
623 729 653 786 in
669 724 735 786 casu
747 745 757 785 ι
770 729 795 786 si
807 726 938 800 considis3

258 807 395 890 splendor
425 809 513 869 etiam
532 807 662 880 Plancii,
689 805 768 866 hunc
794 829 811 867 a
836 807 939 868 summo

260 891 327 950 viro
348 890 509 969 principem
533 886 591 949 effe
609 887 716 948 ordinis
736 885 907 966 judicatum.

301 968 380 1029 XV.
401 968 460 1031 Sed
479 967 633 1049 aliquando
651 969 806 1028 veniamus
822 970 860 1030 ad
878 990 939 1029 cau·

259 1047 319 1109 sam
332 1052 381 1108 :in
395 1066 494 1129 quatu
512 1051 629 1109 nomine
645 1048 718 1130 legis
732 1047 872 1123 Liciniae,
885 1071 938 1130 que

261 1127 303 1191 est
327 1129 364 1190 de
391 1129 549 1203 sodalitiis,
579 1149 681 1189 omnes
707 1129 836 1189 ambitus
868 1131 937 1210 leget

262 1210 433 1289 complexus
444 1230 474 1270 es
485 1230 492 1267 τ
505 1212 689 1289 nequeenim
701 1209 863 1297 quidquam
873 1207 937 1269 aliud

261 1291 292 1349 in
306 1289 359 1348 hac
376 1290 465 1370 lege,
487 1291 541 1348 nisi
561 1290 685 1349 ediritios
707 1288 844 1366 ludices,
865 1287 918 1350 ess
928 1321 937 1336 ·

262 1386 362 1428 cutus:
375 1370 455 1450 quod
465 1389 556 1449 genus
567 1366 739 1448 judiciorum
750 1371 775 1428 si
787 1369 829 1430 est
837 1388 937 1450 aequum

259 1449 319 1508 ulla
336 1451 365 1508 in
383 1468 435 1522 re,
455 1451 508 1509 nisi
530 1450 582 1509 hac
600 1448 736 1509 tribuaria
756 1470 767 1523 ;
787 1472 850 1511 non
865 1448 937 1509 intei-

260 1528 341 1610 ligo,
357 1529 551 1609 quamobrem
566 1527 678 1589 senatus
695 1529 755 1590 hoc
774 1551 837 1592 uno
855 1532 881 1590 in
894 1549 937 1612 ge·

261 1627 334 1668 nere
361 1608 450 1668 tribus
476 1609 524 1670 edi
552 1609 678 1670 voluerit
699 1610 738 1670 ab
763 1610 937 1683 accusatore,

259 1708 356 1769 neque
379 1689 514 1750 eamdem
537 1690 697 1750 editionem
725 1693 938 1754 transtuleritiu

261 1787 371 1832 ceteras
395 1769 490 1835 causas
512 1791 522 1836 t
543 1773 572 1835 in
587 1769 647 1850 ipso
670 1771 737 1834 deni
760 1792 798 1836 ue
819 1773 938 1844 ambitu,

261 1846 451 1927 rejectionem
473 1850 536 1910 fieri
559 1851 685 1911 voluerit
710 1791 841 1928 judicum
859 1852 937 1912 alter·

260 1951 385 2004 norum3
404 1951 551 2012 quumque
569 1931 677 1990 nullum
696 1952 789 2012 genus
808 1933 936 1992 acerbita-

262 2012 299 2070 tis
312 2015 559 2091 praetermitteret,
572 2013 629 2071 hoc
645 2028 745 2072 tamen
762 2033 853 2073 unum
870 2033 937 2094 pra·

263 2090 437 2151 tereundum
457 2094 572 2214 eutarit.

307 2187 354 2246 37.
371 2171 469 2249 Quid.
489 2170 573 2250 hujus
590 2172 631 2230 rei
646 2169 766 2232 obscura
786 2172 866 2233 causa
885 2164 934 2231 est?

262 2269 299 2306 an
314 2250 346 2307 ὃ(
358 2253 463 2330 agitata
472 2296 484 2322 ‚
500 2272 589 2333 quum
601 2249 650 2309 ista
663 2253 693 2308 in
704 2250 805 2313 senatu
819 2274 863 2314 res
875 2270 934 2332 age·

261 2328 361 2399 batur,
380 2330 568 2409 &disputata
588 2329 721 2390 hesterno
740 2333 789 2393 die
805 2333 935 2415 copiosius

263 2431 279 2470 a
293 2409 335 2490 Q
348 2409 530 2470 Hortensio?
549 2413 594 2468 cui
606 2428 667 2470 tum
682 2410 723 2471 est
736 2411 849 2475 senatus
860 2411 935 2473 offen·

262 2491 317 2551 sus.
331 2491 399 2550 Hoc
409 2494 494 2574 igitur
507 2489 662 2552 sensimus:
679 2489 882 2575 cujuscumque
893 2491 935 2550 tri·

262 2571 316 2631 bris
333 2572 451 2654 largitor
471 2571 558 2644 effer,
575 2573 606 2632 δι
624 2573 766 2651 perhanc
781 2573 934 2635 consensio·

263 2672 350 2726 nem,
365 2673 428 2733 quae
444 2655 534 2735 magis
547 2651 665 2713 honeste
678 2654 766 2734 qufam
782 2657 853 2716 vere
864 2651 935 2715 soda-

243 2729 326 2790 -litas
351 2736 569 2804 nominaretur,
594 2753 678 2813 quam
700 2733 820 2815 quisque
842 2735 935 2794 tribum

263 2813 339 2889 turpi
358 2812 509 2895 largitione
531 2831 748 2893 corrumperet,
769 2835 838 2874 eum
857 2814 936 2873 maxi·

267 2892 313 2953 me
332 2893 364 2954 iis
381 2893 566 2970 hominibus,
583 2896 632 2979 qui
650 2891 712 2974 ejus
730 2895 823 2960 tribuis
838 2895 937 2966 effert»
