2117 3942
256 392 314 445 ιΝ
340 377 376 444 L.
399 374 651 447 stouunr.
711 397 792 470 449

106 511 174 551 tum
194 490 248 550 tuis
265 489 461 551 sordidissimis
483 493 618 574 gregibus
639 491 791 572 intempe-

104 573 280 631 rantissimas
298 575 516 651 perpotationes
533 571 709 652 praedicem?
725 575 790 653 quis

104 670 137 712 te
157 651 212 711 illis
224 650 325 711 diebus
341 654 486 724 sobrium,
504 654 567 732 quis
583 669 718 732 agentem
734 653 791 712 ali-

104 730 197 812 quid‚
213 731 293 812 quod
308 731 378 793 ellet
391 732 482 792 libero
500 731 640 812 dignum,
658 734 719 811 quis
736 733 790 792 de·

104 814 192 892 nique
209 814 239 871 in
258 812 376 891 publico
395 811 491 873 vidit?
508 832 598 891 quum
611 810 731 892 collegae
746 815 790 873 tui
857 811 865 839 ”

104 891 211 951 domus
241 909 326 950 cantu
359 893 391 952 &
427 892 569 972 cymbalis
598 890 788 971 personaret,

103 990 252 1051 quumque
269 971 329 1051 ipse
347 972 439 1033 nudus
455 975 484 1031 in
502 974 642 1032 convivio
658 971 790 1032 saltaret:

103 1054 133 1110 in
149 1072 209 1132 quo
224 1071 261 1112 ne
281 1071 344 1111 tum
361 1052 496 1133 quidem,
513 1073 600 1132 quum
617 1052 697 1112 illum
709 1050 790 1112 suum

103 1130 281 1191 saltatorium
301 1131 428 1192 versaret
447 1132 572 1205 orbem,
592 1131 716 1192 fortunae
734 1153 790 1191 to-

103 1229 165 1272 tam
185 1212 414 1293 pertimescebat.
441 1211 498 1273 Hie
512 1230 630 1285 autem,
649 1233 709 1272 non
728 1227 789 1273 tam

103 1294 264 1352 concinnus
278 1293 395 1367 belluo,
409 1313 464 1353 nec
482 1310 541 1353 tam
558 1296 698 1365 musicus,
713 1290 790 1371 jace·

101 1373 152 1433 bat
168 1374 201 1431 in
209 1371 260 1432 suo
269 1371 441 1435 Graecorum
454 1372 582 1446 foetore,
598 1392 688 1454 atque
695 1375 784 1433 vino:

101 1453 183 1534 quod
197 1453 313 1533 quidem
324 1453 418 1528 istius,
439 1456 468 1514 in
482 1455 536 1513 illis
548 1455 713 1534 reipublicae
725 1454 789 1512 luc-

101 1535 194 1607 tibus,
209 1535 415 1614 quasialiquod
424 1534 632 1615 Lapitharum,
647 1551 696 1595 aut
704 1532 786 1595 Cen-

100 1622 251 1674 taurorum
275 1618 444 1675 convivium
471 1614 645 1675 serebatur:
667 1618 697 1674 in
744 1636 784 1674 uo

99 1714 191 1756 nemo
209 1693 304 1774 potest
324 1695 445 1768 dicere,
469 1698 562 1754 utrum
582 1693 632 1754 isie
659 1636 786 1774 plusqbi-

97 1775 197 1849 berit,
215 1796 251 1834 an
268 1777 434 1847 vomuerit,
452 1795 488 1833 an
504 1773 648 1835 effuderit.

142 1873 191 1933 23.
202 1853 250 1915 Tu
268 1851 366 1917 etiam¹
377 1857 559 1916 mentionem
578 1853 665 1913 facies
681 1853 785 1913 consu·

98 1934 178 2003 latias,
198 1935 263 1999 tui?
287 1955 334 1997 aut
361 1954 392 1996 te
411 1933 491 1995 fuisse
510 1935 614 1994 Romae
637 1933 785 1994 consulem

98 2015 197 2076 dicere
214 2015 351 2076 audebis?
367 2014 457 2095 quid?
476 2033 508 2074 tu
525 2017 555 2074 in
574 2013 738 2085 lidloribus,
752 2016 785 2074 in'

97 2111 169 2178 toga
182 2112 320 2176 praetexta
333 2093 388 2157 elle
409 2094 586 2156 consulatum
603 2094 705 2173 putas?
719 2114 784 2174 quae

98 2192 272 2238 ornamenta
289 2178 375 2235 etiam
391 2177 422 2235 in
439 2175 506 2236 sex.
517 2173 647 2247 Clodio,
665 2192 695 2234 te
710 2196 784 2234 con·

98 2255 179 2330 sule,
198 2255 255 2316 effe
267 2255 380 2316 voluisii
392 2277 399 2315 τ
412 2254 496 2335 hujus
510 2275 541 2315 tu
555 2254 691 2316 Clodiani
704 2259 782 2315 canis

96 2337 254 2419 insignibus
265 2337 440 2397 consulatum
451 2337 588 2399 declarati
598 2335 700 2417 putas?
713 2335 783 2395 Ani-

95 2438 147 2478 mo
160 2414 307 2477 consulem
323 2417 379 2481 elle
391 2435 529 2499 oportet,
549 2418 689 2485 consilio,
702 2413 781 2486 fide,

95 2499 262 2580 gravitate,
278 2498 307 2553 vi
330 2497 444 2568 ilantiit,
458 2499 525 2556 turb
539 2516 549 2566 3
567 2512 633 2554 toto
654 2494 782 2630 denigue

95 2595 218 2637 munere
242 2516 505 2635 consumserunt
527 2572 629 2634 officio.
646 2589 716 2632 tuen
739 2593 779 2644 o,

95 2656 300 2734 maximeque,
324 2653 354 2713 id
381 2654 460 2734 quod
483 2657 527 2712 vis
552 2654 676 2712 nominis
699 2672 777 2730 prae-

94 2738 208 2810 scribit,
225 2734 388 2816 reipublicae
410 2733 595 2795 consulendo.
617 2731 680 2812 Ego
700 2751 777 2792 con-

95 2817 186 2883 sulem
210 2814 266 2876 elle
293 2833 419 2896 putem,
441 2818 489 2937 ‹pui
517 2812 644 2872 senatum
666 2808 722 2875 effe
744 2814 776 2873 in

93 2897 244 2984 republica
256 2919 316 2962 non
329 2896 460 2981 putavit.
483 2895 514 2960 δί
528 2895 589 2983 sine
605 2913 642 2960 eo
654 2893 778 2985 consiliu
