2117 3942
188 380 266 460 324
355 359 639 430 ¹Ounno

185 477 333 539 discrimen
346 473 484 550 inferret3
504 473 717 535 Gaditanorum
730 474 839 536 auxiliis
850 487 865 550 ,'

186 578 274 640 quum
293 558 459 630 vellemus,
487 558 528 614 uti
548 556 633 614 nobis
655 576 715 614 non
743 555 878 617 licerett·

186 640 322 720 privatim
336 640 429 710 verb,
444 638 487 708 sl,
505 656 543 695 ne
561 636 623 716 quis
634 637 696 708 vir,
717 636 751 695 &
769 640 870 698 animo

187 721 222 779 &
234 720 339 778 virtute
355 717 542 798 praecellens,
556 737 611 796 pro
624 713 722 774 nostro
744 718 879 796 imperio.

209 799 316 859 ericulo
336 797 386 857 suo
409 798 557 856 dimicaret
574 817 584 869 3
608 797 731 878 graviter
751 796 782 855 id
805 795 871 876 jure

184 820 345 952 ferremus,
365 879 455 938 minui
469 876 572 936 auxilia
593 875 695 955 populi
718 875 847 936 Romani
858 914 879 953 ‚·

186 959 331 1020 debilitari
350 963 461 1018 animos
479 957 700 1017 fortissimorum
716 960 878 1031 virorum'‚'

187 1040 412 1120 alienigenarum
425 1059 479 1097 nos
494 1038 645 1096 homiuum
659 1034 772 1112 studiis,
784 1055 873 1120 atque

190 1121 311 1181 externi
327 1122 434 1179 virtute
453 1119 567 1198 privari.

232 1199 279 1260 26.
293 1200 385 1280 Atqui
397 1199 465 1258 nihil
482 1195 614 1270 interest,
626 1195 759 1272 ludices,
772 1201 872 1259 utrium

187 1280 251 1340 liaec
275 1278 407 1340 foederati
420 1277 481 1354 jura
502 1277 694 1350 constituant,
712 1294 744 1336 ut
764 1299 804 1340 ne
825 1283 873 1339 cui

188 1361 276 1420 liceat
295 1380 331 1420 ex
342 1361 385 1418 his
398 1358 559 1420 civitatibus
574 1359 611 1418 ad
622 1356 784 1418 nostrorum
805 1359 874 1420 bel·

189 1441 285 1499 lorum
309 1439 434 1519 pericula
456 1439 619 1512 accedere3
642 1459 701 1513 an,
726 1459 792 1520 quae
817 1461 876 1500 nos

191 1538 293 1580 eorum
318 1520 455 1590 civibus,
475 1520 587 1580 virtutis
610 1519 714 1592 causei,
735 1520 880 1594 tribue-rie.

189 1619 253 1659 mus
262 1643 273 1669 ,
294 1619 328 1658 ea
342 1616 402 1659 rata
415 1597 471 1659 effe
484 1621 546 1659 non
581 1602 687 1659 ossint:
707 1599 778 1660 nihil
795 1603 875 1660 enim

189 1681 283 1759 magis
304 1696 450 1740 uteremur
469 1680 513 1739 his
532 1621 708 1760 aeljutorihus
727 1725 738 1754 ‚
758 1679 876 1743 sublatis

190 1780 315 1839 praemns
338 1762 476 1832 uirtutis,
499 1759 612 1840 quim,
636 1761 660 1818 si
681 1762 804 1822 omnino
828 1762 877 1822 his

189 1837 296 1900 versari
312 1840 348 1912 in¹
363 1839 463 1901 nostris
482 1841 564 1900 bellis
583 1861 644 1899 non
663 1839 776 1901 liceret.
801 1840 877 1903 Ete-

190 1923 272 1992 nim,
288 1941 376 2000 quum
395 1943 449 2001 pro
467 1919 514 1980 sua
527 1921 617 2001 patria
631 1924 715 2014 pauci
731 1919 796 2015 poll
816 1943 877 2003 gef

190 2020 243 2059 nus
258 2001 410 2060 hominum
423 2019 523 2061 natum
540 2002 647 2081 reperti
664 2003 878 2082 sint,qu1.nul·

191 2080 227 2139 lis
246 2083 369 2159 praemiis
391 2083 572 2162 propositis,
591 2083 681 2141 vitam
702 2079 781 2141 suam
801 2082 877 2142 hos-

192 2160 266 2218 tium
279 2162 343 2220 telis
360 2160 521 2239 objecerint
532 2182 542 2233 3
559 2180 613 2240 pro
624 2160 716 2220 aliena
728 2162 880 2241 republica

190 2258 369 2319 quemqnam
387 2240 451 2301 fore
474 2243 605 2320 putatis,
625 2239 722 2320 quise
742 2262 879 2322 opponat

188 2319 340 2398 periculis,
354 2340 414 2379 non
429 2321 521 2379 modi>
540 2321 619 2380 nullo
632 2325 785 2401 proposito
800 2346 880 2404 prae-

191 2399 276 2472 mi0.,
294 2398 344 2458 sed
360 2402 447 2459 etiam
463 2400 638 2460 interdillo?

232 2477 294 2539 Xil.
317 2477 398 2555 Sed,
417 2501 504 2560 quum
521 2479 648 2540 estillud
662 2482 878 2562 imperitissime

192 2558 300 2619 dilium
319 2560 360 2619 de.
371 2561 486 2642 popufis
497 2560 592 2620 fundis'
603 2607 613 2636 ‚
624 2562 704 2643 quod
717 2568 881 2624 commune

195 2638 236 2698 est
255 2641 410 2701 liberorum
428 2642 604 2721 populorum
621 2686 630 2714 ‚
647 2663 706 2702 non
724 2663 781 2722 pro
818 2647 880 2703 'um

168 2744 170 2748 v
193 2718 401 2782 foederatorum
414 2743 424 2795 ;
438 2742 474 2782 ex
486 2743 545 2802 quo
559 2721 678 2802 intelligi
692 2743 746 2782 nec
790 2745 806 2784 e
819 2723 879 2798 est,

193 2815 241 2856 aut
257 2804 403 2862 neminem
424 2823 460 2862 ex
476 2801 557 2861 sociis
579 2805 675 2862 civem
695 2801 758 2863 fieri
777 2803 878 2884 poss'e3

195 2893 244 2938 aut
264 2884 350 2942 etiam
367 2880 447 2965 polle
469 2888 512 2962 ex,
524 2882 670 2946 foederatis
688 2903 696 2943 :
722 2900 785 2946 tum
803 2886 878 2962 verli
