2117 3942
187 423 264 489 '212
339 480 342 485 ,
410 407 632 480 onusto

129 530 132 536 '
185 525 280 595 boni,
298 519 412 583 fo'rtes
404 538 536 583 inertes:
552 519 717 582 interiedus
734 515 831 582 esset
820 533 871 597 u,

185 623 235 682 qut
226 603 306 666 hac
320 602 377 661 uni
393 602 538 662 medicina
550 601 611 662 sola
626 603 753 682 potuita
770 604 871 681 reipu-¹

183 682 267 741 blicae
287 680 367 761 peste
391 681 428 740 de
450 682 509 742 elli.
535 680 618 760 Quid
641 679 775 741 deinde?
798 679 870 761 <mid

184 761 367 841 reliquiarum
392 783 406 820 t
447 759 536 821 aret?
563 760 635 853 quid
657 754 784 840 deniqne
808 759 884 822 etat'

185 841 336 914 dubium,
367 843 435 921 quin
463 841 512 900 iile
539 839 651 921 sanguis
676 840 869 916 tribunitius,

153 941 154 946 ¹
184 921 266 989 nullo
283 918 437 1000 ptaesertim
450 920 567 1001 publico
582 920 704 980 consilio
718 918 870 1000 profusus,

186 999 317 1060 consules
335 1001 443 1068 ultores
463 1000 496 1067 dt
514 997 681 1060 defensores
699 998 771 1060 esset
787 1000 871 1060 habi·

186 1079 294 1139 turus.
301 1100 408 1160 ¹quum
427 1079 572 1159 quidem
565 1099 595 1138 ιιι
615 1081 760 1139 concione
782 1079 873 1140 dixis„

186 1158 252 1234 set,
272 1175 333 1219 aut
338 1159 407 1218 mihi
423 1157 510 1220 semel
530 1158 738 1237 pereundum,
757 1176 807 1219 aut
826 1161 870 1219 bis

189 1203 252 1307 effe
267 1238 453 1299 vincendum.
478 1237 561 1317 Quid
579 1254 640 1299 erat
659 1239 704 1298 bis
723 1236 875 1300 vinceteb

187 1319 228 1378 ld
244 1317 402 1398 proficio,
425 1333 480 1391 ut,
501 1339 569 1377 cum
594 1320 794 1378 amentissimo
817 1320 876 1378 trin

187 1399 269 1470 buno
283 1399 375 1479 plebis
390 1416 478 1477 quum
494 1397 702 1470 decertaffem,
717 1419 785 1460 cum
802 1419 877 1461 con·

187 1462 293 1537 solibus
318 1475 475 1559 ceterisque
502 1476 565 1558 ejus
587 1443 728 1539 ultoribiu
752 1477 877 1592 dimica·-

188 1577 263 1618 tem.

221 1657 277 1712 44.
297 1634 365 1719 Ego
381 1637 475 1711 verb,
494 1640 518 1697 si
534 1638 604 1698 mihi
619 1639 667 1697 uni
685 1585 877 1717 ρειειιιιιιιιιιιΙ

194 1716 323 1793 fuisset,
346 1739 380 1779 ac
407 1738 468 1778 non
490 1719 657 1798 accipienda
668 1719 772 1812 plaga
802 1720 878 1779 mihi

191 1761 345 1872 sanabilis,
364 1798 418 1858 illis
437 1798 608 1871 mortifera,
628 1799 676 1878 qui
691 1818 758 1858 eam
775 1801 878 1878 impo-

189 1877 325 1951 (niffent3
351 1876 441 1939 'semel
467 1881 560 1958 perire
582 1895 704 1950 tamen,
730 1877 875 1953 ludices,

188 1921 369 2032 maluissein,
384 1979 475 2048 quam
493 1958 537 2019 bis
554 1959 693 2024 vincere·
707 1975 774 2018 erat
793 1960 879 2019 enin

189 2039 239 2109 ilio
256 2039 346 2100 altera
365 2036 506 2118 ejusmodi
529 2038 704 2109 contentio,
723 2054 756 2096 ut
775 2056 878 2117 neque

189 2117 277 2189 vicii,
297 2138 392 2198 neque
407 2117 531 2178 vidores
546 2116 756 2211 rempublicam
771 2135 875 2180 tenete

189 2163 343 2276 poffeinus.
365 2196 483 2275 Quid
462 2218 485 2254 ιι
501 2198 530 2256 ιιι
548 2199 639 2276 prima
658 2199 880 2271 contentione,

160 2278 221 2336 -vi
238 2276 384 2334 tribunitii
401 2275 515 2348 vidus,
535 2278 565 2335 in
583 2276 673 2348 foro,
691 2297 758 2336 cum
775 2278 877 2339 multis

190 2344 275 2416 bonis
293 2356 362 2414 -viris
386 2320 596 2415 concidiiiem?
618 2355 749 2416 senatum
771 2357 879 2427 consur,

190 2435 256 2509 les,
279 2433 393 2509 credo,
414 2433 587 2507 vocaffent,
609 2455 698 2517 quem
717 2453 814 2496 totum
836 2437 879 2507 du

191 2518 309 2577 civitate
328 2514 480 2576 delerant:
495 2515 533 2575 ad
550 2537 629 2576 arma
643 2532 808 2588 vocarent,
824 2519 879 2598 qui

190 2617 235 2667 no
254 2593 355 2658 vestitu
379 2594 498 2676 quidem
521 2594 640 2656 defendi
662 2596 875 2676 rempublicam

191 2663 312 2738 disent:
338 2697 354 2738 a
377 2676 492 2736 tribuno
517 2675 610 2770 plebis
634 2673 699 2755 post
726 2679 879 2742 interitum

191 2774 290 2816 meum
315 2754 507 2828 dissidiffent,
537 2758 586 2836 qui
609 2755 743 2815 eamdem
769 2756 877 2817 horam

171 2896 177 2900 .
234 2910 270 2976 l
191 2833 390 3012 Ὓειιὶε
407 2837 440 2900 &
465 2835 583 2909 suorum
607 2837 796 2918 praemiorum
817 2818 877 2989 effe

191 2931 262 2995 tou
295 2930 345 2976 ent
430 2986 433 2991 y
