2117 3942
166 277 246 365 296
366 277 480 346 ΟΜ
497 295 594 352 rro

166 406 312 530 {peretur
321 411 330 462 ;
343 389 483 450 miserisne
492 394 657 462 viatorem,
672 389 720 470 qui
735 387 850 453 M.·Bi·

216 491 264 530 um
282 470 374 529 domo
393 473 424 528 vi
442 472 625 543 extraheret,
644 487 674 530 ut
692 513 703 541 ,
721 468 802 548 quod
819 471 850 529 iu

165 552 282 631 privatis
296 548 409 630 semper
424 548 464 609 cll
477 549 620 610 servatum
632 593 642 621 ‚
654 548 703 620 id,
716 565 747 608 te
761 549 856 608 tribue

166 651 206 691 uo
227 630 318 712 plebis
340 675 349 703 ,
375 628 483 689 consuli
507 630 611 690 domus
635 628 768 689 exsilium
793 626 850 690 effe

167 730 228 770 non
245 707 359 791 posset?

211 807 261 868 ²3·
281 788 429 870 Simulque
447 788 516 848 mihi
532 787 709 868 respondeto
728 803 783 863 tu,
803 787 854 868 qui

170 890 245 943 nos,
260 872 308 951 qui
324 870 361 929 de
374 871 521 928 communi
533 868 621 929 salute
636 867 852 940 consentimus,

170 966 314 1032 tyrannos
341 970 462 1023 vocas,
490 946 612 1008 fuerisne
636 969 696 1007 non
722 949 853 1008 tribunus

170 1029 266 1110 plebis
283 1073 294 1103 ‚
311 1027 361 1089 sed
379 1029 575 1089 intolerandus
591 1049 626 1088 ex
645 1046 732 1089 coeno
755 1026 853 1089 nescio

172 1112 221 1190 qui
233 1155 242 1183 ‚
256 1125 343 1190 atque
359 1129 395 1169 ex
411 1109 539 1169 tenebris
554 1125 694 1188 tyrannus
706 1106 716 1166 ἓ
728 1110 777 1187 qui
790 1110 854 1189 pri·

173 1193 255 1251 mirm
268 1210 333 1251 eam
348 1189 575 1270 rempublicam,
589 1210 653 1269 quae
667 1188 796 1268 auspiciis
808 1191 864 1247 in···

173 1273 268 1331 ventis
288 1267 445 1339 conslituta
461 1267 521 1343 est,
541 1269 642 1329 iisdem
659 1267 788 1348 auspiciis
808 1266 857 1326 su·

173 1350 258 1409 blatis
278 1368 415 1409 conarere
433 1365 622 1428 pervertere:
646 1349 753 1410 deinde
771 1345 857 1408 sanc·

173 1432 296 1490 tissimas
318 1429 424 1510 leges,
447 1429 553 1489 AEliam
575 1427 738 1489 &Fufiam
761 1427 855 1501 dico,

175 1529 238 1589 quae
257 1511 287 1566 in
306 1506 506 1569 Gracchorum
526 1506 676 1570 ferocitate
689 1554 700 1582 ,
711 1509 744 1569 &
757 1508 788 1566 in
807 1526 859 1569 au-

175 1589 257 1651 dacia
267 1587 430 1659 Saturnini,
441 1589 473 1648 &
484 1591 513 1647 in
526 1590 691 1649 colluvione
703 1586 812 1661 Drusi,
824 1589 858 1649 &

175 1672 205 1729 in
221 1670 410 1729 contentione
429 1667 565 1749 Sulpicii,
580 1669 611 1730 &
626 1670 657 1726 in
667 1688 769 1730 cruore
787 1668 861 1731 Cin·

175 1747 862 1822 nano,etiaminterSullanaarmavixerunt,so·

177 1829 221 1888 lus
237 1830 432 1903 conculcaris,
447 1851 478 1888 ac
492 1849 545 1908 pro
560 1830 650 1909 nihilo
663 1832 769 1910 putaris
785 1851 792 1887 ε
811 1831 861 1969 ptri

178 1909 326 1971 consulem
347 1914 434 1970 morti
446 1907 608 1989 objeceris,
622 1908 758 1968 inclusum
773 1909 815 1970 ob
826 1912 869 1970 e-‘

178 1990 276 2060 deris,
294 1991 444 2051 extrahere
461 2011 497 2050 ex
507 1989 560 2050 suis
574 1989 654 2052 testis
668 2005 789 2049 conatus
805 1992 860 2049 sisa

178 2071 227 2147 qui
246 2071 274 2127 in
289 2089 326 2128 eo
341 2069 503 2150 magistratu
517 2090 579 2129 non
597 2069 689 2129 modo
712 2069 870 2131 emerseris·

178 2166 215 2209 ex
226 2149 430 2221 mendicitate,
451 2149 499 2209 sed
514 2151 600 2210 etiam
611 2150 717 2209 divitiis
734 2171 790 2208 nos
803 2148 863 2228 jam

177 2228 232 2288 tuis
252 2245 377 2287 terreas:
398 2228 520 2288 fuerisne
536 2230 615 2288 tanti
630 2228 819 2303 crudelitate,
830 2245 863 2290 ur

178 2305 308 2367 deleltos
323 2309 401 2367 viros
418 2352 428 2381 ,
445 2308 477 2367 &
495 2310 638 2388 principes
658 2309 782 2368 civitatis
801 2310 857 2370 tol·

179 2386 261 2459 lere,
277 2388 307 2446 δι
326 2386 424 2447 delere
439 2388 487 2446 tual
501 2392 654 2469 rogatione
666 2389 835 2449 conareris?

220 2467 260 2527 X.
271 2466 372 2545 Quum
384 2467 418 2529 L.
427 2467 565 2528 Veslium
575 2512 584 2540 ,
593 2470 640 2546 qui
651 2469 679 2526 in
690 2467 847 2530 senatucor

180 2545 266 2607 sessus
283 2544 352 2607 esset
369 2547 397 2611 se
414 2568 480 2610 cum
499 2548 559 2608 telo
574 2545 676 2620 fuisse,
694 2546 752 2608 Cn.
774 2549 842 2609 Porr

180 2628 272 2704 pelo,
288 2626 399 2689 summo
415 2629 446 2688 ἃ
464 2629 620 2688 clarissimo
634 2630 711 2700 civi,
733 2627 787 2688 suis
800 2650 836 2689 m:

181 2704 263 2769 uibus
282 2727 385 2768 necem
404 2706 504 2770 afferre
524 2705 673 2778 voluisse,
693 2708 722 2767 in
742 2712 831 2768 conci

181 2803 250 2863 nem
269 2788 457 2868 produxeris3
470 2789 596 2851 indicem
608 2791 637 2851 in
650 2786 817 2864 Rostris,in
