2117 3942
173 416 252 468 200
337 418 345 426 ··
403 391 706 464 orario*

174 505 328 579 consilio(
340 509 477 588 quoniam
489 508 610 590 publicis
625 505 744 570 ducibus
758 507 868 590 respui

173 591 249 649 blica
283 587 427 671 careret)
459 588 678 652 defendendum
708 605 870 669 potamon·

173 668 243 741 Erat
261 669 367 730 eodem
381 686 516 750 tempore
528 670 640 731 senatus
654 672 683 729 in
700 669 763 731 aede
775 667 867 731 Con«

175 749 301 822 cordiae‚
319 749 398 829 quod
412 750 503 829 ipsum
515 751 657 830 templum
673 748 870 829 representat

173 829 224 890 bat
239 829 410 889 memoriam
424 828 585 890 consulatis
597 831 654 889 mei
664 873 674 900 ,
685 849 776 967 quum
786 830 863 890 flens

175 907 321 978 universus
338 910 413 968 ordo
426 910 617 970 cincinnatum
631 930 686 969 con
700 909 779 970 ulem
796 931 862 989 ora·

175 991 226 1057 hat
247 1011 257 1062 ;
278 1010 346 1049 nam
368 990 439 1049 alter
457 989 505 1050 ille
527 988 659 1049 horridus
683 988 717 1049 &
740 987 870 1050 severus

176 1069 308 1131 consultu
333 1068 363 1130 se
390 1068 672 1131 domi-continebat.
702 1066 774 1146 Qud
796 1086 859 1129 rum

175 1150 309 1232 superbia
328 1171 442 1211 coenum
457 1149 528 1211 illud
545 1171 579 1215 ac
595 1148 675 1211 labes
692 1148 863 1228 amplissimi

177 1232 286 1292 ordinis
297 1250 399 1310 preces
411 1231 673 1296 &clarissimorum
691 1229 801 1289 civium
817 1229 863 1293 la·.

177 1332 292 1392 crymas
304 1309 488 1390 repudiavit?
502 1329 551 1370 me
563 1309 655 1390 ipsum
664 1324 696 1367 ut
705 1325 860 1389 contemp·

177 1393 213 1451 sit
232 1391 328 1450 helluo
340 1389 459 1470 patriae?
478 1409 545 1449 narn
560 1389 629 1470 quid
643 1409 702 1470 ego
718 1389 868 1468 patrimo,

177 1472 217 1538 nii
235 1470 347 1542 dicam,
364 1468 444 1550 quod
457 1469 506 1530 iile
522 1491 611 1550 quum
627 1471 708 1550 quasi
721 1466 861 1548 quaestum
896 1532 898 1536 ,

177 1549 309 1624 taceret,
327 1549 444 1610 amisit?
464 1548 566 1628 Quum
584 1547 706 1611 venisset
723 1547 761 1609 ad
778 1547 861 1610 sena-

178 1646 263 1702 tum,
278 1651 332 1691 vos
341 1675 353 1702 ,
368 1632 506 1710 inquam,
525 1632 638 1710 equites
656 1629 803 1702 Romani,
826 1629 860 1689 δι

180 1730 284 1777 omues
302 1710 390 1784 boni,
401 1707 621 1783 vestemutati,
633 1731 708 1783 vos,
723 1712 864 1790 inquam,

179 1812 235 1873 pro
249 1811 316 1852 meo
328 1812 361 1851 ca
383 1793 422 1850 ire
434 1789 470 1850 ad
481 1790 572 1870 pedes
584 1789 697 1855 lenonis
706 1791 871 1869 impunest„

180 1874 222 1933 mi
242 1812 420 1950 projecitiis,
461 1892 551 1943 uum,
570 1867 669 1931 vestris
711 1870 824 1931 recibus
843 1892 871 1933 a,

179 1952 291 2021 latrone
304 1952 354 2011 illo
365 1892 536 2033 repudiatis,
550 1952 594 2011 vir
606 1891 766 2011 incredibili
779 1948 838 2018 fide
851 1993 862 2023 ‚

179 2033 376 2114 magnitudine
396 2033 500 2104 animi,
517 2028 692 2103 coustantii,
707 2029 741 2089 L.
756 2030 869 2097 Mum-⁸

180 2114 253 2183 mius
270 2111 306 2171 ad
320 2111 449 2173 senatum
466 2111 503 2172 de
519 2111 665 2190 republica
683 2111 778 2171 retulit
790 2130 800 2183 ;
813 2110 864 2170 se-

178 2189 316 2271 natusque
336 2190 471 2271 frequens
491 2188 602 2253 vessem
616 2212 673 2272 pro
688 2210 756 2253 mea
773 2189 873 2259 salure,

177 2268 347 2333 mutandam
362 2269 478 2330 censuit.
734 2321 740 2331 ,
869 2336 871 2339 ,

193 2404 196 2408 ,
221 2348 301 2421 XII.
323 2348 354 2410 O
375 2348 452 2411 diem
472 2348 553 2409 illum
570 2394 581 2424 ‚
601 2349 737 2422 Iudices,
759 2348 873 2419 funes·¹

178 2447 242 2504 tum
255 2429 384 2502 senatui,
398 2428 538 2511 bonisque
549 2430 705 2490 omnibus!
724 2431 870 2510 reipubli·;

179 2533 221 2586 cae
235 2508 414 2582 ludiuosuml
433 2510 504 2580 mihi
520 2509 563 2572 ad.
572 2508 762 2571 domesticum
781 2531 873 2579 moer

178 2613 277 2653 rorem
297 2590 435 2673 gravem!
455 2590 491 2650 ad
504 2587 676 2671 posteritatis
689 2592 872 2661 memoriane,

179 2671 335 2751 gloriosum
354 2671 362 2743 l
384 2670 573 2751 Quid„enim
595 2670 743 2752 quisquam
766 2668 863 2750 potest

179 2769 217 2821 ex
237 2753 317 2812 omni
336 2753 477 2813 memoria
491 2750 602 2813 sumere
617 2749 762 2822 illustrius,
772 2749 873 2829 quam-

179 2849 234 2913 pro
247 2848 307 2891 uno
321 2833 385 2892 cive
397 2832 429 2897 ὃ(
440 2832 535 2892 bonos
547 2851 650 2903 omnes
662 2833 777 2910 privato
789 2850 867 2889 con-

178 2906 277 2988 sensu,
291 2910 498 2985 &uuiversum
513 2911 643 2986 senatum
650 2910 872 2994 pubiicocoue,
