2117 3942
184 383 260 479 508
390 379 613 449 Onarro
678 350 680 353 ⁵

182 498 262 581 quod
278 494 462 568 ostenderas3
476 510 524 554 aut
537 496 579 566 si,
594 493 675 634 guod
689 511 756 553 mea
771 496 863 556 minis

181 577 319 650 interest,
338 577 367 635 id
386 593 416 636 te
433 578 522 714 magis
539 573 598 634 fort
633 574 779 649 delcetat,
796 578 864 636 red-

182 660 250 718 dam
273 659 326 717 tibi
345 655 428 716 istam
448 677 472 715 ae
492 656 639 728 ditarem,
662 657 753 714 etiarn
774 658 864 738 negli-

181 757 284 820 genter
299 739 429 820 petenti:
439 735 495 795 'sed
508 735 700 814 amplissimos
716 736 862 810 honores,

180 836 213 878 nt
227 839 282 899 pro
303 818 441 900 dignitate
459 832 508 874 tua
525 814 702 896 consequare
720 860 730 889 ‚
750 817 865 876 condis-

180 919 229 959 cas
246 899 349 960 censeo
374 897 444 956 mihi
465 898 552 978 paulo
572 895 737 977 diligentiis
757 896 866 979 suppli-i

183 999 261 1040 care.
524 1016 526 1020 .

220 1059 254 1119 'V
262 1058 287 1118 Ι.
312 1059 385 1119 Haec
401 1056 504 1138 populi
527 1057 621 1116 oratio
643 1052 706 1128 est,
726 1077 796 1118 mea
814 1077 864 1119 ve·

123 1163 126 1167 ’
183 1142 240 1211 rb,
262 1139 444 1210 Laterensis,
465 1138 545 1196 haec:
569 1135 787 1215 Quare-vitius
807 1141 861 1211 sis,

184 1241 245 1280 non
268 1219 376 1279 debere
396 1217 524 1298 judicem
545 1235 699 1298 quaerete,
719 1219 864 1279 modone

183 1301 335 1382 largitione
355 1300 391 1358 sis
408 1297 499 1357 vidus
519 1317 526 1354 :
548 1319 616 1356 narn
633 1339 642 1368 ‚
662 1297 686 1355 si
706 1340 716 1368 ,
742 1301 864 1380 quoties·

96 1389 100 1398 '
183 1401 309 1462 cumque
328 1381 485 1459 praeterints
498 1379 553 1437 erit
565 1380 608 1450 is,
620 1378 670 1452 qui
685 1399 748 1438 non
763 1380 863 1441 debue·
896 1438 901 1450 ,

80 1504 87 1511 -
185 1464 222 1520 rit
242 1461 379 1540 praeteriri
396 1503 406 1531 ,
425 1460 514 1517 toties
533 1456 700 1552 oportebit,
716 1474 808 1535 eum,
825 1460 867 1540 qui

185 1539 276 1601 satius
296 1541 373 1611 erit,
398 1536 607 1609 condemnan3
628 1538 698 1596 nihil
717 1537 781 1618 jam
803 1539 840 1601 est
857 1583 873 1612 ‚A

186 1619 267 1700 quod
283 1619 394 1700 populo
407 1617 603 1697 supplicetur3
622 1617 712 1691 nihil,
726 1623 808 1700 quod
826 1619 867 1688 die

186 1701 309 1774 tibine,
336 1698 405 1758 nihil
429 1698 509 1778 quod
530 1697 700 1778 supplicatio
723 1722 775 1760 ma
795 1700 869 1777 'stra-

183 1799 271 1840 tuum
288 1825 298 1854 ‚
316 1779 489 1840 renuntiatio
507 1776 705 1860 suffragiorum
723 1801 742 1841 e
775 1780 869 1861 pede-

189 1879 262 1921 tur:
286 1860 370 1920 simul
393 1875 425 1919 ut
448 1861 497 1939 qui
521 1857 577 1918 sint
594 1856 719 1939 professi
740 1863 870 1934 videro,

185 1942 295 2002 dicam.
680 1967 683 1972 ·
716 1964 718 1969 ·
842 1961 845 1965 ·

147 2043 151 2053 ’
238 2040 285 2102 15.
307 2020 364 2080 Hic
384 1997 492 2079 fantiiid
506 2018 644 2079 consulari
657 2018 719 2093 est,
735 2021 786 2097 ille
803 2043 870 2101 prae·

188 2103 287 2161 norit:
303 2102 430 2182 reliquos
446 2099 537 2160 video
559 2097 616 2174 esse
633 2119 670 2159 ex
689 2101 814 2240 eguestri
829 2101 871 2161 lo·

185 2201 250 2240 ·co:
273 2181 336 2240 sunt
355 2201 458 2242 omnes
478 2183 540 2241 sine
560 2181 691 2251 macula,
721 2201 775 2243 unt
798 2181 870 2263 aequt

193 2262 266 2320 boni
283 2263 360 2333 viri,
378 2277 464 2398 argue
480 2261 606 2342 integri3
628 2260 679 2321 sed
695 2260 803 2323 servari
824 2281 871 2322 ne·

91 2408 93 2413 ,
195 2338 270 2402 cesse
295 2338 336 2399 est
360 2360 409 2420 gra
431 2361 491 2399 us:
514 2341 601 2400 cedat
619 2339 762 2402 consulari
782 2343 873 2425 generi

195 2422 386 2504 praetorium,
405 2439 461 2480 nec
480 2421 638 2480 contendat
652 2442 720 2481 cum
765 2425 873 2483 raeton'o

199 2501 331 2583 equester
348 2502 440 2561 locus.
473 2499 590 2575 Sublata
610 2500 672 2561 sunt
690 2445 804 2576 studia,
826 2523 874 2562 ex-

123 2606 125 2610 ·
200 2580 546 2664 stinnaesuffragariones‚
564 2583 647 2641 nullae
657 2585 874 2655 contentiones,

199 2664 278 2722 nulla
291 2665 405 2723 libertas
421 2662 522 2742 populi
540 2665 569 2722 in
584 2663 755 2723 mandandis
773 2666 875 2746 magis·

199 2745 319 2808 tratibus
337 2760 346 2816 ‚‘
367 2742 444 2802 nulla
463 2741 635 2823 exspediatio
655 2741 875 2826 suffragiorum:

202 2822 292 2893 nihii,
312 2840 343 2882 ut
360 2824 529 2905 plerumque
548 2827 670 2896 evenit,
690 2844 798 2904 praeter
815 2826 877 2904 opi·

200 2904 320 2964 nionenr
341 2905 471 2968 accidet:
489 2903 567 2966 nulla
578 2907 633 2966 'erit
647 2904 769 2988 posthac
783 2909 877 2972 vatie-
