2117 3942
184 370 256 444 140
404 345 620 421 OnArro

199 489 236 529 ue
252 466 290 526 ad
310 465 458 526 consulare
477 463 603 525 officium
620 464 689 544 ipsis
705 464 848 548 insignibu

176 489 250 607 illius
266 550 305 605 im
329 548 401 619 erii,
423 545 460 605 ad
478 565 574 607 meam
595 543 717 604 salutem
736 566 799 606 non
812 546 848 607 so

177 628 238 687 lirm
258 569 425 687 autloritate
439 671 448 698 ‚
464 623 514 686 sed
533 628 619 685 etiam
636 625 773 707 precibus
792 648 848 689 vee

176 708 225 765 tris
236 724 425 779 vocarentur,
438 707 532 786 primi)
544 707 742 786 ¹reliquerunt,
756 707 848 767 deind·

177 787 390 867 prodiderunt,
410 785 560 866 postremi>
590 803 837 867 oppugnaverunt

177 867 356 948 praemiisque
372 866 487 926 nefariae
503 866 643 946 pabiionis
662 865 791 926 funditus
807 889 848 926 un

178 969 246 1008 cum
267 947 414 1028 republica
434 944 600 1026 oppreffum
612 991 622 1020 ,
635 945 848 1028 exstiniiumqu·

178 1030 333 1099 voluerunt
347 1029 475 1109 :quique
494 1025 546 1087 suo
565 1027 671 1100 duclu,
684 1028 717 1087 &
738 1029 848 1108 imperi«

179 1109 300 1171 cruento
317 1109 368 1168 illo
381 1153 391 1182 ,
406 1121 492 1188 atque
510 1105 644 1183 funesto,
656 1107 797 1188 supplicia
812 1129 848 1169 ne

178 1210 236 1270 que
254 1212 271 1248 a
289 1188 433 1261 sociorum
449 1189 593 1249 moenibus
611 1188 769 1268 prohibere
781 1234 792 1260 ,
806 1209 848 1249 ne·

178 1289 235 1350 que
259 1267 383 1330 hostium
408 1269 525 1329 urbibus
550 1267 656 1328 inferre
681 1286 839 1348 potuerunt

179 1351 380 1422 excisionem,
406 1350 696 1422 inflammationem,
727 1351 848 1411 eversio·

178 1447 271 1500 nem,
290 1429 572 1509 depopulationem,
590 1427 754 1490 vastitatem
776 1451 841 1491 eam

177 1508 225 1569 sua
245 1530 311 1569 cum
333 1509 449 1588 praeda,
470 1511 542 1569 meis
561 1509 694 1568 omnibus
715 1509 797 1571 tellis
816 1529 848 1571 at·

200 1609 236 1648 ue
258 1591 332 1670 agris
351 1591 516 1649 intulerunt.
540 1587 617 1649 Cum
639 1589 682 1649 his
702 1588 808 1664 furiis,
830 1591 848 1650 6

177 1610 288 1729 bubus
303 1705 313 1743 5
331 1690 396 1728 cum
413 1669 478 1743 his,
495 1671 636 1749 inquam,
652 1671 781 1729 exitiosis
797 1692 848 1750 pro

179 1749 261 1830 digiis
268 1794 280 1823 ,
295 1771 328 1810 ac
342 1768 420 1828 pene
433 1747 517 1827 hujus
530 1750 643 1828 imperii
659 1746 848 1829 pestibusbel

179 1829 239 1890 lum
257 1831 327 1890 mihi
340 1828 511 1910 inexpiabile
528 1829 593 1888 dico
611 1825 667 1888 elle
680 1828 840 1910 susceptum

177 1931 275 1993 neque
292 1911 323 1971 id
342 1926 441 1970 tamen
457 1907 549 1990 ipsum
569 1920 703 1983 tantum,
723 1927 848 1991 quantun

178 2013 261 2052 meus
273 2039 283 2066 ,
297 2013 329 2055 ac
344 2011 497 2062 meorum,
512 1988 562 2049 sed
577 2005 708 2062 tantum,
723 2009 848 2071 quantun

179 2070 275 2132 vester
284 2117 292 2145 ,
301 2089 388 2152 atque
399 2073 529 2130 omnium
542 2071 688 2131 bonorum
698 2069 787 2132 dolor
796 2092 848 2152 pos

180 2150 294 2211 tulavit.

220 2228 283 2289 ΙΙΙ.
305 2229 339 2288 In
362 2228 501 2290 Clodium
523 2230 596 2291 verb
620 2251 680 2290 non
706 2227 748 2292 est
773 2230 848 2290 hodi·

178 2328 278 2370 meum
295 2307 388 2386 majus
405 2309 529 2384 odium,
550 2310 637 2392 quiam
655 2311 705 2371 illo
723 2311 771 2371 die
788 2311 841 2371 fuit

169 2386 268 2471 'quum
279 2389 377 2463 illum,
390 2389 551 2450 ambustum
562 2391 780 2473 religiosissimis
790 2393 848 2473 igni

177 2472 253 2546 bus,
266 2473 393 2555 cognovi
408 2472 540 2532 muliebri
557 2489 680 2546 ornatu,
698 2493 734 2533 ex
751 2470 848 2531 incesti

177 2550 299 2634 stupro,
315 2572 401 2633 atque
419 2573 456 2614 ex
474 2553 566 2613 domo
584 2550 728 2633 pontificis
745 2554 848 2611 maxim

179 2633 309 2695 emiffum
321 2656 328 2694 :
339 2651 401 2694 tum
412 2678 421 2707 ,
433 2636 569 2715 inquam,
580 2651 643 2692 tum
653 2634 734 2705 vidi,
748 2654 779 2692 ac
794 2634 848 2692 mul

178 2711 211 2768 tb
228 2716 294 2775 ante
312 2714 470 2797 prospexi,
490 2731 596 2796 quanta
611 2711 766 2794 tempestas
784 2715 847 2773 exci

178 2802 310 2869 taretur,
352 2813 437 2856 uanta
460 2794 643 2876 impenderet
659 2794 788 2874 procella
806 2795 848 2853 rei·

179 2869 310 2947 publicae.
356 2876 497 2948 idebarn,
517 2875 588 2937 illud
608 2873 700 2955 scelus
719 2892 781 2935 tam
803 2877 848 2934 im·
