2117 3942
249 405 328 481 244
472 381 691 453 OnArro
761 394 765 399 ’

247 520 348 573 retum
365 497 422 581 qual
441 499 509 562 esset
524 497 694 572 lacessitus3
711 494 762 559 secl
782 497 867 560 illum
884 517 932 564 tot

247 580 307 663 jam
327 581 473 642 funeribus
497 581 662 659 reipublice
685 578 876 641 exsultantem
899 605 933 643 ac

241 662 479 743 tripudiantem,
503 661 623 742 legum,
643 661 668 720 si
687 658 805 741 pollet,'
820 662 934 744 laqueis

246 741 467 823 constringeret.
611 748 614 753 ’
925 794 929 801 .

289 821 339 901 89.
355 820 515 882 Descendit
526 821 564 881 ad
574 820 778 881 accusandum:
792 824 858 902 quis
869 843 935 883 unr-

246 925 336 986 quarn
352 921 411 963 rant
428 903 545 984 proprie
561 902 724 984 reipublicae
740 902 849 976 causi,
867 904 934 962 nul·

244 985 283 1046 lis
300 985 473 1058 inimicitiis,
486 983 570 1042 nullis
581 985 724 1064 praerniis,
740 983 818 1042 nulli
830 984 933 1044 homi-

245 1087 320 1128 num
334 1063 527 1146 postulatione
537 1106 553 1137 ‚,
562 1081 610 1122 aut
626 1066 714 1124 etiam
726 1065 889 1144 opinione,
901 1063 933 1125 id

245 1167 389 1228 ,umquam
404 1143 460 1206 esse
476 1143 637 1206 fasiurum?
651 1142 731 1203 stalli
747 1160 830 1204 erant
845 1146 933 1205 animi

243 1229 396 1288 -hominisz
411 1227 468 1287 hoc
483 1227 562 1287 enirn
579 1223 748 1298 accusante,
767 1223 878 1304 pristini
895 1225 934 1284 ile

243 1309 306 1370 lius
332 1306 372 1367 sui
394 1305 492 1386 judicii
510 1305 725 1385 turpitudinem
751 1304 933 1386 desperabat.

248 1387 330 1450 Ecce
343 1388 395 1447 tibi
406 1384 502 1447 consul
513 1428 523 1459 ,
534 1402 661 1465 prfaetor5
671 1386 799 1445 tribunus
817 1386 931 1466 plebis}

249 1489 330 1531 nova
345 1471 416 1527 novi
434 1467 548 1548 generis
566 1465 659 1526 edissa
674 1483 844 1546 proponunt
859 1487 867 1526 t
884 1466 933 1527 Ne

250 1569 317 1610 reus
335 1546 428 1621 adsit,
444 1567 481 1608 ne
503 1548 632 1620 citetur,
649 1567 687 1607 ne
702 1563 845 1627 queratur
863 1566 933 1622 ‚ne

243 1632 433 1691 mentionem
449 1630 570 1688 omnino
588 1628 720 1707 cuiquam
739 1624 869 1700 iudicum
883 1644 931 1688 aut

250 1709 425 1791 judiciorum
442 1707 539 1768 facere
552 1709 647 1768 liceat.
669 1707 750 1788 Quid
769 1725 870 1789 ageret
883 1710 932 1769 uir

249 1791 290 1850 acl
308 1794 465 1863 virtutem,
484 1789 675 1870 dignitatern,
689 1789 811 1870 gloriam
829 1807 932 1859 natus,

242 1875 283 1934 -vi
292 1870 496 1932 sceleratorum
510 1871 659 1929 hominum
669 1869 879 1942 corroborati,
893 1870 933 1930 le'-

244 1953 359 2035 gibus,
374 1949 539 2031 judiciisque
555 1949 690 2010 sublatis?
702 1953 832 2012 cervices
847 1950 931 2010 tribu·

253 2054 308 2094 nus
333 2034 426 2114 plebis
450 2034 565 2113 privato
580 2077 594 2104 v,
619 2027 864 2111 prestantissimus
890 2033 931 2090 vit

250 2114 486 2194 profligatissimo
505 2113 617 2172 homini
637 2110 740 2172 daret?
762 2132 799 2170 an
824 2110 931 2171 causam

241 2193 412 2273 susceptam
428 2191 588 2274 affligeret?
606 2214 643 2251 an
658 2191 687 2252 se
701 2192 783 2252 dorni
800 2193 931 2252 contine·

253 2272 320 2334 ret?
343 2272 381 2332 Et
397 2275 474 2334 vinci
494 2290 579 2352 turpe
596 2275 728 2353 putavit,
747 2273 780 2334 &
802 2273 930 2334 deterre-

253 2357 277 2414 ri
295 2374 302 2412 :
321 2356 408 2412 etiam
424 2374 441 2414 e
462 2354 608 2434 republica
627 2353 766 2427 credidit,
784 2359 839 2426 ut,
852 2373 930 2434 ·quo·

253 2438 330 2496 niam
349 2434 403 2494 sibi
412 2437 446 2494 in
462 2435 544 2494 illurn
560 2435 671 2573 lepibus
683 2436 724 2494 uti
739 2452 800 2495 non
816 2435 928 2510 licerer,

242 2517 328 2577 -illius
347 2517 407 2577 virn
428 2536 524 2597 neque
541 2518 570 2575 in
596 2536 658 2588 uo,
676 2535 778 2596 neque:
788 2516 819 2575 in
837 2516 928 2594 reipu-

254 2598 338 2659 blicae
356 2598 486 2678 periculo
502 2595 727 2676 pertimesceret.

242 2714 249 2723 ·
296 2678 406 2758 XLIL,
426 2676 596 2757 Quomodo
607 2676 760 2757 igiturlroc
776 2677 807 2734 in
827 2689 927 2757 genere

255 2759 379 2838 praesidii
391 2762 549 2840 comparati
560 2756 671 2816 accusas
683 2755 834 2828 Sextium,
847 2771 927 2836 quum
979 2794 980 2799 κ

256 2838 334 2896 idem
353 2840 452 2900 laudes
471 2836 640 2899 Milonem?
654 2838 778 2918 an,.qui
796 2836 844 2896 sua
861 2832 942 2908 tella¹

257 2917 414 2996 defendit3
440 2923 489 3003 qui
513 2920 550 2982 ab
565 2921 656 3000 eric,
677 2917 752 2980 focis
769 2962 784 2993 ,
804 2916 927 2984 sertum-2
