2117 3942
266 363 345 437 286
491 359 716 429 ormo

245 475 313 551 gTu
329 476 421 549 verb,
443 475 490 534 cui
501 471 633 534 Cornelii
649 473 781 534 defensio
800 469 956 554 displicet5

261 579 349 637 quarn
364 554 478 615 causam
492 554 529 612 ad
544 573 685 644 purronos
698 571 784 626 tuos,
801 569 852 613 aut
870 553 951 634 quod

264 658 301 696 os
315 634 438 696 afferes?
457 634 559 714 quibus
572 655 631 713 lam
645 632 823 714 praefcribis,
863 652 953 694 uento

263 717 318 776 illis
332 716 441 797 probro
454 713 582 777 futurum
597 717 655 787 sit,
670 717 692 772 si
704 732 734 774 te
749 654 954 789 defenfennt,

252 817 355 876 ·quum
378 812 409 854 ru
433 794 503 855 mihi
529 792 662 855 Cornelii
690 794 895 855 defensionem
923 795 953 855 in

264 875 424 938 malediuis
442 872 636 952 objiciendam
653 876 772 954 putaris.

301 956 335 1018 6.
357 957 499 1016 Attamen
518 955 597 1028 hoc,
620 951 742 1028 Vatini,
764 970 919 1017 memento
940 969 952 1031 ,‘

250 1037 353 1118 .pauli›
370 1035 444 1116 ,post
461 1033 793 1128 ,istrm'defensionem
809 1055 918 1097 meam
940 1078 950 1109 ,

264 1138 354 1200 quam
369 1134 400 1177 tu
416 1117 501 1176 bonis
516 1118 585 1176 virrs
603 1113 770 1195 displicuiss‘e
791 1114 885 1189 dicis,
904 1134 950 1175 me

254 1219 355 1279 ,quum
367 1199 495 1257 universi
510 1196 614 1276 populi
625 1195 752 1257 Romani
771 1193 886 1255 summi
897 1216 950 1256 vo·

265 1279 392 1349 luntate,
407 1293 469 1337 turn
481 1279 584 1357 optinri
598 1273 732 1356 cujusque
747 1276 884 1370 singulari
897 1273 950 1335 stu·

202 1431 204 1434 y
262 1354 628 1439 dio,r'nagnificentissime
645 1355 710 1436 post
721 1356 876 1418 hommum
891 1375 950 1416 me·

254 1441 387 1498 morium
403 1435 556 1499 ¹consulem
580 1436 711 1511 fufium,
736 1439 895 1518 omniaque
917 1455 949 1496 ea

254 1538 314 1578 rue
339 1517 481 1599 pudenter
499 1517 632 1579 virendo
655 1515 845 1577 consecutum
857 1513 947 1589 effe,

254 1619 330 1738 'fuae
346 1617 377 1659 ru
391 1601 430 1659 im
453 1597 577 1661 udenter
592 1596 777 1660 vaticinando
792 1595 947 1678 [perurere

280 1702 303 1739 re
326 1679 418 1741 e-dixi
443 1680 462 1738 i.
985 1718 987 1729 .

305 1701 360 1819 ill.
381 1759 459 1819 Nam
474 1758 555 1841 qubd
573 1759 644 1819 mihi
660 1753 945 1836 discessum-objecisti

254 1860 388 1913 aueum,
406 1841 440 1900 &
451 1841 538 1922 quud
554 1841 683 1911 horum,
702 1838 805 1918 quibus
824 1838 875 1899 ille
890 1837 944 1897 diu

255 1921 462 1980 ·acerbissimus
473 1920 526 1981 fuir
537 1923 609 2001 ‚qui
621 1919 702 1979 idem
712 1919 765 1979 ribi
778 1918 946 1990 laetissimus,¹

253 2001 372 2061 fufium
389 2002 421 2061 &
433 2003 572 2083 gemitum
583 2019 725 2061 renovare
738 1996 854 2060 voluisti
865 2014 942 2071 mn-

251 2097 328 2141 .tunr
342 2082 394 2143 ribi
411 2080 595 2161 respondeo,
610 2100 678 2153 me,
694 2100 784 2160 quum
799 2095 854 2152 tu,
870 2094 941 2138 cete·

266 2181 362 2239 raeque
386 2162 552 2240 reipublicae
576 2159 693 2240 pestes,
714 2180 863 2219 armorum
884 2175 941 2218 cru·

252 2237 324 2297 ..fam
342 2244 528 2318 quaereretis,
549 2241 581 2300 &
598 2259 687 2320 quum
704 2258 875 2318 per-meum
889 2258 939 2299 nn·

265 2338 335 2379 men
354 2318 484 2378 fortunas
503 2320 692 2398 locupletium
703 2319 837 2399 :diripere
852 2363 862 2394 ,
880 2317 938 2379 fen·
984 2326 987 2331 '

264 2400 382 2480 guinem
392 2400 481 2478 princi
503 2402 685 2460 'umrivitatis
694 2397 869 2474 exsorbere,
882 2417 938 2457 cru-

266 2480 418 2540 delitatem
436 2422 559 2540 veritam
578 2481 736 2560 odiumque
755 2479 937 2548 diuturnum,

264 2560 345 2640 quod
365 2562 394 2618 in
415 2559 510 2620 bonos
528 2559 589 2641 jam
605 2564 798 2622 inveteratum
818 2557 936 2621 habebn-

265 2643 323 2712 tis,
342 2640 465 2701 saturare
479 2643 623 2723 cuperetis
636 2661 646 2713 3
664 2637 755 2700 scelus
773 2641 807 2701 &
820 2639 934 2701 furum

264 2718 390 2780 vestrum
403 2721 539 2782 cedendo
554 2719 680 2782 maluiffe
691 2719 845 2802 frangere,
859 2717 933 2802 quin

265 2799 433 2860 resistendo.
447 2801 549 2880 Quare
559 2819 630 2883 peto
642 2823 658 2860 a
669 2818 721 2874 re,
739 2820 771 2859 ur
780 2802 853 2860 mihi
861 2803 930 2881 igno·

192 2890 199 2900 ·
264 2874 346 2955 scas,
367 2878 489 2964 ¹Vatini,
511 2904 599 2965 quum
618 2883 715 2962 patriae
734 2881 927 2964 pepercerint,
