2117 3942
174 352 256 434 ³to4
323 398 326 405 .
401 336 628 410 ormo
730 403 733 408 .
847 325 849 328 ’

173 457 233 518 sum
243 450 300 517 esi.
318 451 373 515 Me
391 469 516 514 mortem
530 449 675 514 timuisse?
690 449 792 534 Turpe
806 447 865 514 ests

180 576 184 583 ·
213 532 360 597 XXXVI.
373 531 541 595 Dicendum
552 537 637 616 igitur
652 531 693 592 est
709 532 758 607 id,
774 535 857 616 quod

173 636 235 676 non
261 616 413 688 dicerem,¹
436 617 491 674 nisi
517 614 633 675 coactus
652 611 667 695 (
686 613 755 673 nihil
778 617 859 675 enirn

173 715 312 775 umquam
327 695 366 757 de
381 714 430 755 me
448 688 508 755 disi
521 694 654 755 sublatius
671 692 860 756 adsciscendae

171 777 271 837 laudis
282 775 366 838 causi
381 776 499 856 potius,
512 775 602 858 quim
616 775 741 837 criminis
755 774 860 856 depel-

173 857 254 917 lendi
264 858 281 934 )
296 858 362 918 dico
378 858 482 939 igitur,
498 857 532 917 &
545 855 633 938 quim
644 853 758 936 possum
769 860 864 916 maxi·

173 937 226 999 me
244 943 321 1000 voce
340 935 407 998 dic'o
420 935 547 1016 :Quum
567 938 699 996 omnium
722 937 859 1019 perdito·

173 1038 240 1079 rum
260 1019 293 1079 &
315 1015 529 1096 conjuratorum
549 1019 667 1079 incitata
687 1018 758 1091 vis,
784 1017 861 1078 duce

173 1099 294 1161 tribuno
307 1098 420 1180 plebis,
437 1097 599 1160 conmlibus
620 1097 780 1168 sudoribus
791 1142 803 1170 ,
815 1098 860 1159 as·

175 1178 254 1241 flisio
272 1178 391 1254 senatu,
411 1181 567 1259 perterritis
585 1179 728 1260 equitibus
746 1177 860 1240 Roma-

174 1263 220 1323 nis
231 1304 243 1334 ‚
254 1258 384 1340 suspensi
395 1280 429 1318 ac
442 1259 559 1323 solliciti
571 1260 636 1320 toti
647 1262 761 1321 civitate
773 1304 785 1332 ,
798 1279 862 1320 non

175 1358 237 1401 tarn
249 1342 279 1400 in
291 1360 340 1401 tne
355 1341 497 1419 impetum
509 1338 636 1413 faceret,
649 1341 736 1421 quim
746 1359 799 1420 per
811 1352 860 1402 me

176 1423 206 1480 in
225 1439 328 1480 omnes
343 1420 459 1493 bonos3
473 1439 521 1480 me
537 1419 660 1494 vidisses
676 1423 700 1481 si
713 1419 860 1496 vicissem,

176 1518 277 1560 tenues
286 1499 449 1580 reipublicae
460 1501 610 1581 reliquias3
622 1503 645 1560 si
654 1501 743 1563 vietus
755 1500 861 1577 essemc

176 1581 269 1640 nullas
279 1579 385 1641 futuras
397 1601 404 1640 :
418 1579 500 1661 quod
512 1590 601 1661 quum
614 1579 796 1657 judicassem,
809 1584 862 1645 de·

174 1661 246 1721 flevi
258 1661 388 1743 conjugis
401 1660 509 1731 miserae
523 1660 688 1736 discidium,
700 1663 860 1725 liberorum

175 1743 387 1803 carissimorum
405 1741 586 1803 solitudinem
601 1740 720 1811 ‚fratris
737 1742 863 1805 absentie

174 1824 362 1883 amantissimi
382 1834 468 1904 atque
493 1823 597 1903 optimi
618 1821 736 1894 casum,
754 1822 863 1887 subitas.

176 1902 385 1966 fundatissimae
401 1903 623 1965 familie-ruinas
643 1923 651 1962 t
671 1901 721 1963 sed
735 1901 778 1963 his
795 1925 864 1973 ome

173 1986 261 2046 nibus
280 1987 364 2047 rebus
385 1988 476 2047 vitam
498 1983 647 2066 anteposui
664 2003 803 2053 meorum,
818 1989 863 2047 ci·

174 2068 281 2140 vium3
299 2088 420 2168 remque
439 2067 585 2148 publicam
604 2065 760 2126 concidere
778 2067 863 2127 unius

174 2144 315 2218 discessu,
331 2167 418 2225 quam
434 2149 566 2206 omnium
588 2147 704 2205 interitu
724 2147 861 2209 occidere

174 2224 265 2283 malui
277 2245 285 2283 t
299 2225 439 2306 speravi,
456 2227 488 2285 id
507 2225 589 2306 quod
605 2225 731 2300 accidit,
749 2246 799 2288 me
815 2226 863 2307 ja·

172 2321 291 2365 centem
301 2303 381 2385 posse
395 2326 411 2366 a
423 2307 498 2369 vivis
509 2308 578 2366 viris
589 2303 711 2366 sortibus
722 2308 840 2368 excitari
852 2330 862 2382 3

173 2386 201 2443 si
214 2385 273 2459 ursa
289 2407 355 2447 cum
372 2387 457 2453 bonis
474 2384 638 2455 interiiffem
649 2431 660 2462 ‚
672 2388 753 2449 nulio
765 2389 862 2452 ruodo

172 2463 262 2545 posse,
277 2469 410 2537 recreati.
433 2484 463 2537 ,ζ
508 2504 512 2509 ·
652 2507 654 2513 ·
757 2482 760 2492 “
795 2485 797 2489 ·
823 2484 825 2489 ’

174 2603 177 2609 .
213 2566 269 2627 97.
279 2548 418 2632 Accepi,
433 2548 610 2625 Pontifices,
621 2562 759 2632 magnum
771 2567 860 2632 atque

119 2680 126 2687 ,
170 2623 375 2714 {neredibilem
388 2631 547 2705 dolorem
565 2652 628 2693 nort
641 2645 724 2712 nego·
739 2651 862 2713 :neque

170 2701 259 2776 istam
266 2713 337 2786 milti
348 2711 471 2785 adscisco
482 2711 649 2794 sapientium
658 2748 672 2786 ‚v
682 2722 774 2793 quam}
781 2708 863 2779 non-s

170 2786 245 2875 ‚nulli
259 2792 290 2850 in
299 2814 348 2856 me
363 2794 688 2876 requirebaumquime
700 2795 799 2859 animo
816 2796 864 2853 ni·

168 2880 228 2933 mu
246 2867 335 2939 frasso
356 2873 514 2958 ciscarque
530 2871 862 2956 afflidoioquebantur.
