<?xml version="1.0" encoding="UTF-8"?>
<!DOCTYPE html PUBLIC "-//W3C//DTD XHTML 1.0 Transitional//EN"
    "http://www.w3.org/TR/xhtml1/DTD/xhtml1-transitional.dtd">
<html xmlns="http://www.w3.org/1999/xhtml" xml:lang="en" lang="en">
 <head>
  <title>
</title>
<meta http-equiv="Content-Type" content="text/html;charset=utf-8" />
  <meta name='ocr-system' content='tesseract 3.04.00' />
  <meta name='ocr-capabilities' content='ocr_page ocr_carea ocr_par ocr_line ocrx_word'/>
</head>
<body>
  <div class='ocr_page' id='page_1' title='image "./mtulliiciceroni06lallgoog_0015.png"; bbox 0 0 2117 3942; ppageno 0'>
   <div class='ocr_carea' id='block_1_1' title="bbox 215 363 695 449">
    <p class='ocr_par' dir='ltr' id='par_1_1' title="bbox 215 363 695 449">
     <span class='ocr_line' id='line_1_1' title="bbox 215 363 695 449; baseline -0.019 1"><span class='ocrx_word' id='word_1_1' title='bbox 215 376 261 449; x_wconf 85' lang='lat'><strong>18</strong></span> <span class='ocrx_word' id='word_1_2' title='bbox 403 371 628 443; x_wconf 70' lang='lat' dir='ltr'><strong>Ornrro</strong></span> <span class='ocrx_word' id='word_1_3' title='bbox 665 363 695 441; x_wconf 89' lang='lat' dir='ltr'><strong>l.</strong></span> 
     </span>
    </p>
   </div>
   <div class='ocr_carea' id='block_1_2' title="bbox 210 486 748 2906">
    <p class='ocr_par' dir='ltr' id='par_1_2' title="bbox 210 486 746 1276">
     <span class='ocr_line' id='line_1_2' title="bbox 211 486 744 572; baseline -0.004 -21"><span class='ocrx_word' id='word_1_4' title='bbox 211 489 302 553; x_wconf 71' lang='lat' dir='ltr'><strong>tundi</strong></span> <span class='ocrx_word' id='word_1_5' title='bbox 322 507 358 550; x_wconf 87' lang='lat' dir='ltr'><strong>ex</strong></span> <span class='ocrx_word' id='word_1_6' title='bbox 382 489 463 548; x_wconf 88' lang='lat' dir='ltr'><strong>omni</strong></span> <span class='ocrx_word' id='word_1_7' title='bbox 484 486 592 562; x_wconf 85' lang='lat' dir='ltr'><strong>ltalia,</strong></span> <span class='ocrx_word' id='word_1_8' title='bbox 613 489 661 572; x_wconf 91' lang='lat' dir='ltr'><strong>qui</strong></span> <span class='ocrx_word' id='word_1_9' title='bbox 682 506 744 549; x_wconf 85' lang='lat' dir='ltr'><strong>tem</strong></span> 
     </span>
     <span class='ocr_line' id='line_1_3' title="bbox 211 568 746 642; baseline -0.013 -11"><span class='ocrx_word' id='word_1_10' title='bbox 211 571 318 632; x_wconf 85' lang='lat' dir='ltr'><strong>salvam</strong></span> <span class='ocrx_word' id='word_1_11' title='bbox 332 569 442 631; x_wconf 86' lang='lat' dir='ltr'><strong>vellent</strong></span> <span class='ocrx_word' id='word_1_12' title='bbox 455 614 465 642; x_wconf 90' lang='lat'>‚</span> <span class='ocrx_word' id='word_1_13' title='bbox 480 568 517 629; x_wconf 88' lang='lat' dir='ltr'><strong>ad</strong></span> <span class='ocrx_word' id='word_1_14' title='bbox 537 588 585 628; x_wconf 85' lang='lat' dir='ltr'><strong>me</strong></span> <span class='ocrx_word' id='word_1_15' title='bbox 603 589 693 628; x_wconf 89' lang='lat' dir='ltr'><strong>unum</strong></span> <span class='ocrx_word' id='word_1_16' title='bbox 712 611 721 640; x_wconf 90' lang='lat'>‚</span> <span class='ocrx_word' id='word_1_17' title='bbox 742 569 746 624; x_wconf 94' lang='lat' dir='ltr'><strong>l</strong></span> 
     </span>
     <span class='ocr_line' id='line_1_4' title="bbox 210 645 746 731; baseline -0.013 -19"><span class='ocrx_word' id='word_1_18' title='bbox 210 651 329 712; x_wconf 70' lang='lat' dir='ltr'><strong>stadium</strong></span> <span class='ocrx_word' id='word_1_19' title='bbox 342 648 474 731; x_wconf 72' lang='lat' dir='ltr'><strong>&amp;propd</strong></span> <span class='ocrx_word' id='word_1_20' title='bbox 485 650 670 730; x_wconf 88' lang='lat' dir='ltr'><strong>dissipatum,</strong></span> <span class='ocrx_word' id='word_1_21' title='bbox 686 645 746 708; x_wconf 79' lang='lat' dir='ltr'><strong>resti</strong></span> 
     </span>
     <span class='ocr_line' id='line_1_5' title="bbox 211 728 746 797; baseline -0.013 -4"><span class='ocrx_word' id='word_1_22' title='bbox 211 733 244 793; x_wconf 73' lang='grc' dir='ltr'><strong>ὃ(</strong></span> <span class='ocrx_word' id='word_1_23' title='bbox 263 730 480 793; x_wconf 85' lang='lat' dir='ltr'><strong>defendendum</strong></span> <span class='ocrx_word' id='word_1_24' title='bbox 497 728 654 791; x_wconf 79' lang='lat' dir='ltr'><strong>venirent?</strong></span> <span class='ocrx_word' id='word_1_25' title='bbox 671 746 723 797; x_wconf 91' lang='lat' dir='ltr'><strong>ut,</strong></span> <span class='ocrx_word' id='word_1_26' title='bbox 744 764 746 774; x_wconf 90' lang='lat'>·</span> 
     </span>
     <span class='ocr_line' id='line_1_6' title="bbox 211 808 746 892; baseline -0.011 -20"><span class='ocrx_word' id='word_1_27' title='bbox 211 828 256 872; x_wconf 88' lang='lat' dir='ltr'><strong>ter</strong></span> <span class='ocrx_word' id='word_1_28' title='bbox 269 815 390 874; x_wconf 88' lang='lat' dir='ltr'><strong>omnino</strong></span> <span class='ocrx_word' id='word_1_29' title='bbox 413 808 478 892; x_wconf 91' lang='lat' dir='ltr'><strong>post</strong></span> <span class='ocrx_word' id='word_1_30' title='bbox 491 808 620 871; x_wconf 82' lang='lat' dir='ltr'>Romam</span> <span class='ocrx_word' id='word_1_31' title='bbox 634 809 746 869; x_wconf 88' lang='lat' dir='ltr'><strong>condita</strong></span> 
     </span>
     <span class='ocr_line' id='line_1_7' title="bbox 211 889 733 973; baseline -0.008 -21"><span class='ocrx_word' id='word_1_32' title='bbox 211 894 275 953; x_wconf 88' lang='lat' dir='ltr'><strong>usus</strong></span> <span class='ocrx_word' id='word_1_33' title='bbox 292 891 360 954; x_wconf 86' lang='lat' dir='ltr'><strong>ellet</strong></span> <span class='ocrx_word' id='word_1_34' title='bbox 372 914 426 973; x_wconf 88' lang='lat' dir='ltr'><strong>pto</strong></span> <span class='ocrx_word' id='word_1_35' title='bbox 442 889 574 952; x_wconf 84' lang='lat' dir='ltr'><strong>universa</strong></span> <span class='ocrx_word' id='word_1_36' title='bbox 588 891 733 973; x_wconf 82' lang='lat' dir='ltr'>republica</span> 
     </span>
     <span class='ocr_line' id='line_1_8' title="bbox 211 969 745 1055; baseline -0.013 -21"><span class='ocrx_word' id='word_1_37' title='bbox 211 974 304 1034; x_wconf 72' lang='lat' dir='ltr'><strong>sollum</strong></span> <span class='ocrx_word' id='word_1_38' title='bbox 319 1019 328 1048; x_wconf 88' lang='lat'>,</span> <span class='ocrx_word' id='word_1_39' title='bbox 346 975 394 1055; x_wconf 90' lang='lat' dir='ltr'><strong>qui</strong></span> <span class='ocrx_word' id='word_1_40' title='bbox 410 969 473 1050; x_wconf 75' lang='lat' dir='ltr'><strong>ejus</strong></span> <span class='ocrx_word' id='word_1_41' title='bbox 488 989 595 1032; x_wconf 86' lang='lat' dir='ltr'><strong>vocem</strong></span> <span class='ocrx_word' id='word_1_42' title='bbox 611 970 745 1031; x_wconf 79' lang='lat' dir='ltr'><strong>exaudire</strong></span> 
     </span>
     <span class='ocr_line' id='line_1_9' title="bbox 212 1051 743 1116; baseline -0.015 0"><span class='ocrx_word' id='word_1_43' title='bbox 212 1055 317 1116; x_wconf 86' lang='lat' dir='ltr'><strong>eadem</strong></span> <span class='ocrx_word' id='word_1_44' title='bbox 333 1073 409 1116; x_wconf 86' lang='lat' dir='ltr'><strong>voce</strong></span> <span class='ocrx_word' id='word_1_45' title='bbox 422 1053 535 1115; x_wconf 88' lang='lat' dir='ltr'><strong>senatus</strong></span> <span class='ocrx_word' id='word_1_46' title='bbox 554 1053 649 1112; x_wconf 91' lang='lat' dir='ltr'><strong>omnis</strong></span> <span class='ocrx_word' id='word_1_47' title='bbox 664 1051 743 1110; x_wconf 88' lang='lat' dir='ltr'><strong>omni</strong></span> 
     </span>
     <span class='ocr_line' id='line_1_10' title="bbox 212 1129 745 1230; baseline -0.013 -35"><span class='ocrx_word' id='word_1_48' title='bbox 212 1154 298 1230; x_wconf 76' lang='lat' dir='ltr'><strong>atque</strong></span> <span class='ocrx_word' id='word_1_49' title='bbox 318 1133 453 1217; x_wconf 84' lang='lat' dir='ltr'><strong>oppidis,</strong></span> <span class='ocrx_word' id='word_1_50' title='bbox 466 1135 544 1195; x_wconf 83' lang='lat' dir='ltr'><strong>cives</strong></span> <span class='ocrx_word' id='word_1_51' title='bbox 553 1177 563 1206; x_wconf 90' lang='lat'>,</span> <span class='ocrx_word' id='word_1_52' title='bbox 573 1129 745 1212; x_wconf 84' lang='lat' dir='ltr'><strong>totamquel</strong></span> 
     </span>
     <span class='ocr_line' id='line_1_11' title="bbox 212 1211 746 1276; baseline -0.011 0"><span class='ocrx_word' id='word_1_53' title='bbox 212 1236 294 1276; x_wconf 88' lang='lat' dir='ltr'><strong>umus</strong></span> <span class='ocrx_word' id='word_1_54' title='bbox 305 1213 424 1275; x_wconf 86' lang='lat' dir='ltr'><strong>salutem</strong></span> <span class='ocrx_word' id='word_1_55' title='bbox 436 1211 652 1275; x_wconf 77' lang='lat' dir='ltr'>defendendam</span> <span class='ocrx_word' id='word_1_56' title='bbox 667 1212 746 1272; x_wconf 69' lang='lat' dir='ltr'><strong>excita</strong></span> 
     </span>
    </p>

    <p class='ocr_par' dir='ltr' id='par_1_3' title="bbox 213 1293 748 2906">
     <span class='ocr_line' id='line_1_12' title="bbox 254 1293 745 1377; baseline -0.008 -23"><span class='ocrx_word' id='word_1_57' title='bbox 254 1293 293 1354; x_wconf 88' lang='lat' dir='ltr'><strong>X.</strong></span> <span class='ocrx_word' id='word_1_58' title='bbox 314 1293 396 1375; x_wconf 82' lang='lat' dir='ltr'>Quid</span> <span class='ocrx_word' id='word_1_59' title='bbox 420 1313 478 1376; x_wconf 86' lang='lat' dir='ltr'><strong>ego</strong></span> <span class='ocrx_word' id='word_1_60' title='bbox 501 1293 654 1377; x_wconf 78' lang='lat' dir='ltr'><strong>gloriosius</strong></span> <span class='ocrx_word' id='word_1_61' title='bbox 674 1293 745 1351; x_wconf 89' lang='lat' dir='ltr'><strong>meis</strong></span> 
     </span>
     <span class='ocr_line' id='line_1_13' title="bbox 213 1371 745 1457; baseline -0.008 -22"><span class='ocrx_word' id='word_1_62' title='bbox 213 1376 297 1457; x_wconf 88' lang='lat' dir='ltr'><strong>pomi</strong></span> <span class='ocrx_word' id='word_1_63' title='bbox 312 1373 496 1456; x_wconf 85' lang='lat' dir='ltr'><strong>relinquere,</strong></span> <span class='ocrx_word' id='word_1_64' title='bbox 513 1371 600 1455; x_wconf 73' lang='lat' dir='ltr'><strong>quam</strong></span> <span class='ocrx_word' id='word_1_65' title='bbox 618 1373 675 1432; x_wconf 94' lang='lat' dir='ltr'><strong>hoc</strong></span> <span class='ocrx_word' id='word_1_66' title='bbox 696 1372 745 1432; x_wconf 87' lang='lat' dir='ltr'><strong>sen</strong></span> 
     </span>
     <span class='ocr_line' id='line_1_14' title="bbox 214 1452 746 1536; baseline -0.006 -23"><span class='ocrx_word' id='word_1_67' title='bbox 214 1452 347 1529; x_wconf 81' lang='lat' dir='ltr'><strong>dicall&#39;e,</strong></span> <span class='ocrx_word' id='word_1_68' title='bbox 375 1456 424 1536; x_wconf 91' lang='lat' dir='ltr'><strong>qui</strong></span> <span class='ocrx_word' id='word_1_69' title='bbox 446 1452 516 1515; x_wconf 84' lang='lat' dir='ltr'><strong>civis</strong></span> <span class='ocrx_word' id='word_1_70' title='bbox 539 1473 586 1514; x_wconf 87' lang='lat' dir='ltr'><strong>me</strong></span> <span class='ocrx_word' id='word_1_71' title='bbox 611 1474 672 1513; x_wconf 90' lang='lat' dir='ltr'><strong>non</strong></span> <span class='ocrx_word' id='word_1_72' title='bbox 700 1452 746 1511; x_wconf 87' lang='lat' dir='ltr'><strong>del</strong></span> 
     </span>
     <span class='ocr_line' id='line_1_15' title="bbox 215 1529 747 1616; baseline -0.009 -20"><span class='ocrx_word' id='word_1_73' title='bbox 215 1555 281 1596; x_wconf 90' lang='lat' dir='ltr'><strong>eum</strong></span> <span class='ocrx_word' id='word_1_74' title='bbox 295 1533 503 1616; x_wconf 84' lang='lat' dir='ltr'><strong>rempublicam</strong></span> <span class='ocrx_word' id='word_1_75' title='bbox 516 1531 622 1594; x_wconf 85' lang='lat' dir='ltr'><strong>salvam</strong></span> <span class='ocrx_word' id='word_1_76' title='bbox 639 1529 747 1593; x_wconf 75' lang='lat' dir='ltr'><strong>nolum</strong></span> 
     </span>
     <span class='ocr_line' id='line_1_16' title="bbox 215 1613 747 1686; baseline -0.008 -12"><span class='ocrx_word' id='word_1_77' title='bbox 215 1631 327 1675; x_wconf 87' lang='lat' dir='ltr'><strong>tantum</strong></span> <span class='ocrx_word' id='word_1_78' title='bbox 346 1614 439 1676; x_wconf 83' lang='lat' dir='ltr'><strong>vestra</strong></span> <span class='ocrx_word' id='word_1_79' title='bbox 464 1613 635 1686; x_wconf 66' lang='lat' dir='ltr'><strong>nudorum,</strong></span> <span class='ocrx_word' id='word_1_80' title='bbox 657 1631 747 1672; x_wconf 84' lang='lat' dir='ltr'><strong>tantur</strong></span> 
     </span>
     <span class='ocr_line' id='line_1_17' title="bbox 218 1693 747 1777; baseline -0.006 -22"><span class='ocrx_word' id='word_1_81' title='bbox 218 1695 340 1756; x_wconf 87' lang='lat' dir='ltr'><strong>consulis</strong></span> <span class='ocrx_word' id='word_1_82' title='bbox 354 1696 476 1777; x_wconf 83' lang='lat' dir='ltr'><strong>dignitas</strong></span> <span class='ocrx_word' id='word_1_83' title='bbox 493 1695 583 1756; x_wconf 78' lang='lat' dir='ltr'><strong>valuit</strong></span> <span class='ocrx_word' id='word_1_84' title='bbox 595 1741 604 1768; x_wconf 92' lang='lat'>,</span> <span class='ocrx_word' id='word_1_85' title='bbox 615 1710 646 1753; x_wconf 89' lang='lat' dir='ltr'><strong>ut</strong></span> <span class='ocrx_word' id='word_1_86' title='bbox 658 1693 747 1753; x_wconf 82' lang='lat' dir='ltr'><strong>dedet</strong></span> 
     </span>
     <span class='ocr_line' id='line_1_18' title="bbox 216 1774 742 1858; baseline -0.008 -22"><span class='ocrx_word' id='word_1_87' title='bbox 216 1778 317 1858; x_wconf 82' lang='lat' dir='ltr'><strong>gitium</strong></span> <span class='ocrx_word' id='word_1_88' title='bbox 333 1774 362 1836; x_wconf 85' lang='lat' dir='ltr'><strong>se</strong></span> <span class='ocrx_word' id='word_1_89' title='bbox 382 1777 565 1840; x_wconf 83' lang='lat' dir='ltr'><strong>committere</strong></span> <span class='ocrx_word' id='word_1_90' title='bbox 595 1792 708 1848; x_wconf 76' lang='lat' dir='ltr'><strong>maret,</strong></span> <span class='ocrx_word' id='word_1_91' title='bbox 720 1776 742 1832; x_wconf 86' lang='lat' dir='ltr'><strong>si</strong></span> 
     </span>
     <span class='ocr_line' id='line_1_19' title="bbox 215 1798 747 1937; baseline -0.006 -22"><span class='ocrx_word' id='word_1_92' title='bbox 215 1859 338 1917; x_wconf 86' lang='lat' dir='ltr'><strong>veniret.</strong></span> <span class='ocrx_word' id='word_1_93' title='bbox 353 1855 435 1917; x_wconf 89' lang='lat' dir='ltr'><strong>Idem</strong></span> <span class='ocrx_word' id='word_1_94' title='bbox 457 1876 497 1921; x_wconf 20' lang='lat' dir='ltr'><strong>lue</strong></span> <span class='ocrx_word' id='word_1_95' title='bbox 510 1798 607 1917; x_wconf 68' lang='lat' dir='ltr'><strong>conliil</strong></span> <span class='ocrx_word' id='word_1_96' title='bbox 619 1901 629 1928; x_wconf 90' lang='lat'>,</span> <span class='ocrx_word' id='word_1_97' title='bbox 640 1875 728 1937; x_wconf 90' lang='lat' dir='ltr'><strong>quum</strong></span> <span class='ocrx_word' id='word_1_98' title='bbox 743 1856 747 1912; x_wconf 85' lang='lat' dir='ltr'><strong>i</strong></span> 
     </span>
     <span class='ocr_line' id='line_1_20' title="bbox 216 1878 747 2015; baseline -0.008 -18"><span class='ocrx_word' id='word_1_99' title='bbox 216 1936 310 1998; x_wconf 92' lang='lat' dir='ltr'><strong>dibilis</strong></span> <span class='ocrx_word' id='word_1_100' title='bbox 329 1878 483 2000; x_wconf 74' lang='lat' dir='ltr'><strong>multitudo</strong></span> <span class='ocrx_word' id='word_1_101' title='bbox 502 1935 651 2009; x_wconf 85' lang='lat' dir='ltr'><strong>Romam,</strong></span> <span class='ocrx_word' id='word_1_102' title='bbox 670 1936 702 1997; x_wconf 91' lang='lat'>&amp;</span> <span class='ocrx_word' id='word_1_103' title='bbox 719 1956 747 2015; x_wconf 81' lang='lat' dir='ltr'><strong>pt</strong></span> 
     </span>
     <span class='ocr_line' id='line_1_21' title="bbox 216 2016 747 2100; baseline -0.008 -23"><span class='ocrx_word' id='word_1_104' title='bbox 216 2016 275 2098; x_wconf 86' lang='lat' dir='ltr'><strong>ipsa</strong></span> <span class='ocrx_word' id='word_1_105' title='bbox 291 2016 430 2092; x_wconf 78' lang='lat' dir='ltr'><strong>venisset,</strong></span> <span class='ocrx_word' id='word_1_106' title='bbox 450 2038 505 2079; x_wconf 84' lang='lat' dir='ltr'><strong>vos</strong></span> <span class='ocrx_word' id='word_1_107' title='bbox 524 2016 747 2100; x_wconf 80' lang='lat' dir='ltr'><strong>frequentissimt</strong></span> 
     </span>
     <span class='ocr_line' id='line_1_22' title="bbox 216 2097 747 2180; baseline -0.004 -26"><span class='ocrx_word' id='word_1_108' title='bbox 216 2097 351 2177; x_wconf 89' lang='lat' dir='ltr'><strong>pitolium</strong></span> <span class='ocrx_word' id='word_1_109' title='bbox 371 2101 564 2158; x_wconf 85' lang='lat' dir='ltr'><strong>convocavit:</strong></span> <span class='ocrx_word' id='word_1_110' title='bbox 582 2118 641 2180; x_wconf 92' lang='lat' dir='ltr'><strong>quo</strong></span> <span class='ocrx_word' id='word_1_111' title='bbox 657 2111 747 2176; x_wconf 76' lang='lat' dir='ltr'><strong>temp&lt;</strong></span> 
     </span>
     <span class='ocr_line' id='line_1_23' title="bbox 215 2175 746 2248; baseline 0.002 -14"><span class='ocrx_word' id='word_1_112' title='bbox 215 2191 275 2234; x_wconf 83' lang='lat' dir='ltr'><strong>tam</strong></span> <span class='ocrx_word' id='word_1_113' title='bbox 289 2179 349 2236; x_wconf 85' lang='lat' dir='ltr'><strong>vim</strong></span> <span class='ocrx_word' id='word_1_114' title='bbox 362 2195 470 2236; x_wconf 87' lang='lat' dir='ltr'><strong>naturae</strong></span> <span class='ocrx_word' id='word_1_115' title='bbox 480 2176 595 2237; x_wconf 76' lang='lat' dir='ltr'><strong>bonitas</strong></span> <span class='ocrx_word' id='word_1_116' title='bbox 605 2175 746 2248; x_wconf 73' lang='lat' dir='ltr'><strong>liaberet,</strong></span> 
     </span>
     <span class='ocr_line' id='line_1_24' title="bbox 216 2255 747 2339; baseline -0.002 -25"><span class='ocrx_word' id='word_1_117' title='bbox 216 2256 368 2328; x_wconf 86' lang='lat' dir='ltr'><strong>nobilitas,</strong></span> <span class='ocrx_word' id='word_1_118' title='bbox 379 2257 540 2339; x_wconf 83' lang='lat' dir='ltr'><strong>intelligere</strong></span> <span class='ocrx_word' id='word_1_119' title='bbox 549 2255 678 2338; x_wconf 81' lang='lat' dir='ltr'><strong>potuistis</strong></span> <span class='ocrx_word' id='word_1_120' title='bbox 688 2277 695 2314; x_wconf 91' lang='lat'>:</span> <span class='ocrx_word' id='word_1_121' title='bbox 706 2276 747 2314; x_wconf 90' lang='lat' dir='ltr'><strong>na:</strong></span> 
     </span>
     <span class='ocr_line' id='line_1_25' title="bbox 215 2335 747 2411; baseline -0.004 -15"><span class='ocrx_word' id='word_1_122' title='bbox 215 2335 323 2408; x_wconf 87' lang='lat' dir='ltr'><strong>tellus,</strong></span> <span class='ocrx_word' id='word_1_123' title='bbox 349 2336 380 2396; x_wconf 73' lang='grc' dir='ltr'><strong>ὃ(</strong></span> <span class='ocrx_word' id='word_1_124' title='bbox 390 2339 538 2411; x_wconf 86' lang='lat' dir='ltr'><strong>inimicus,</strong></span> <span class='ocrx_word' id='word_1_125' title='bbox 554 2339 585 2397; x_wconf 80' lang='lat' dir='ltr'><strong>dt</strong></span> <span class='ocrx_word' id='word_1_126' title='bbox 596 2336 684 2397; x_wconf 85' lang='lat' dir='ltr'><strong>frater</strong></span> <span class='ocrx_word' id='word_1_127' title='bbox 693 2338 747 2395; x_wconf 86' lang='lat' dir='ltr'><strong>init</strong></span> 
     </span>
     <span class='ocr_line' id='line_1_26' title="bbox 216 2415 747 2499; baseline -0.002 -23"><span class='ocrx_word' id='word_1_128' title='bbox 216 2416 313 2499; x_wconf 70' lang='lat' dir='ltr'><strong>spedlai</strong></span> <span class='ocrx_word' id='word_1_129' title='bbox 333 2415 435 2478; x_wconf 43' lang='lat' dir='ltr'><strong>‘vestri</strong></span> <span class='ocrx_word' id='word_1_130' title='bbox 459 2416 611 2479; x_wconf 88' lang='lat' dir='ltr'><strong>voluntate</strong></span> <span class='ocrx_word' id='word_1_131' title='bbox 630 2418 747 2490; x_wconf 60' lang='lat' dir='ltr'><strong>‚romnia</strong></span> 
     </span>
     <span class='ocr_line' id='line_1_27' title="bbox 217 2494 746 2580; baseline -0.006 -22"><span class='ocrx_word' id='word_1_132' title='bbox 217 2499 286 2559; x_wconf 85' lang='lat' dir='ltr'><strong>odia</strong></span> <span class='ocrx_word' id='word_1_133' title='bbox 309 2497 466 2580; x_wconf 86' lang='lat' dir='ltr'><strong>deposuit:</strong></span> <span class='ocrx_word' id='word_1_134' title='bbox 495 2518 583 2579; x_wconf 91' lang='lat' dir='ltr'><strong>quem</strong></span> <span class='ocrx_word' id='word_1_135' title='bbox 609 2494 643 2558; x_wconf 86' lang='lat' dir='ltr'><strong>P.</strong></span> <span class='ocrx_word' id='word_1_136' title='bbox 665 2495 746 2557; x_wconf 87' lang='lat' dir='ltr'><strong>Servi</strong></span> 
     </span>
     <span class='ocr_line' id='line_1_28' title="bbox 217 2577 747 2659; baseline -0.008 -21"><span class='ocrx_word' id='word_1_137' title='bbox 217 2600 307 2659; x_wconf 88' lang='lat' dir='ltr'><strong>quum</strong></span> <span class='ocrx_word' id='word_1_138' title='bbox 322 2579 508 2654; x_wconf 87' lang='lat' dir='ltr'><strong>clarissimus,</strong></span> <span class='ocrx_word' id='word_1_139' title='bbox 522 2595 585 2639; x_wconf 90' lang='lat' dir='ltr'><strong>rum</strong></span> <span class='ocrx_word' id='word_1_140' title='bbox 594 2578 667 2639; x_wconf 75' lang='lat' dir='ltr'><strong>verb</strong></span> <span class='ocrx_word' id='word_1_141' title='bbox 679 2577 747 2657; x_wconf 84' lang='lat' dir='ltr'><strong>optir</strong></span> 
     </span>
     <span class='ocr_line' id='line_1_29' title="bbox 216 2657 748 2740; baseline -0.006 -24"><span class='ocrx_word' id='word_1_142' title='bbox 216 2659 306 2740; x_wconf 88' lang='lat' dir='ltr'><strong>hique</strong></span> <span class='ocrx_word' id='word_1_143' title='bbox 321 2661 527 2735; x_wconf 86' lang='lat' dir='ltr'><strong>amicissimus,</strong></span> <span class='ocrx_word' id='word_1_144' title='bbox 541 2660 573 2722; x_wconf 89' lang='lat'>&amp;</span> <span class='ocrx_word' id='word_1_145' title='bbox 589 2657 748 2720; x_wconf 72' lang='lat' dir='ltr'><strong>audloritati</strong></span> 
     </span>
     <span class='ocr_line' id='line_1_30' title="bbox 218 2737 746 2824; baseline 0.002 -29"><span class='ocrx_word' id='word_1_146' title='bbox 218 2740 305 2799; x_wconf 90' lang='lat' dir='ltr'><strong>tionis</strong></span> <span class='ocrx_word' id='word_1_147' title='bbox 326 2739 381 2801; x_wconf 83' lang='lat' dir='ltr'><strong>suae</strong></span> <span class='ocrx_word' id='word_1_148' title='bbox 399 2741 497 2804; x_wconf 77' lang='lat' dir='ltr'><strong>divina</strong></span> <span class='ocrx_word' id='word_1_149' title='bbox 518 2740 644 2824; x_wconf 85' lang='lat' dir='ltr'><strong>quadam</strong></span> <span class='ocrx_word' id='word_1_150' title='bbox 685 2737 746 2797; x_wconf 87' lang='lat' dir='ltr'><strong>ravi</strong></span> 
     </span>
     <span class='ocr_line' id='line_1_31' title="bbox 219 2759 747 2906; baseline 0.002 -28"><span class='ocrx_word' id='word_1_151' title='bbox 219 2816 259 2879; x_wconf 87' lang='lat' dir='ltr'><strong>sui</strong></span> <span class='ocrx_word' id='word_1_152' title='bbox 275 2824 409 2902; x_wconf 83' lang='lat' dir='ltr'><strong>generis,</strong></span> <span class='ocrx_word' id='word_1_153' title='bbox 427 2821 646 2906; x_wconf 88' lang='lat' dir='ltr'><strong>communisque</strong></span> <span class='ocrx_word' id='word_1_154' title='bbox 662 2759 747 2902; x_wconf 63' lang='lat' dir='ltr'><strong>dangu</strong></span> 
     </span>
    </p>
   </div>
   <div class='ocr_carea' id='block_1_3' title="bbox 0 0 1072 3942">
    <p class='ocr_par' dir='ltr' id='par_1_4' title="bbox 0 0 1072 3942">
     <span class='ocr_line' id='line_1_32' title="bbox 0 0 1072 3942; baseline 0 0"><span class='ocrx_word' id='word_1_155' title='bbox 0 0 1072 3942; x_wconf 95' lang='lat' dir='ltr'><strong> </strong></span> 
     </span>
    </p>
   </div>
  </div>
 </body>
</html>
