2117 3942
182 397 283 468 Pno
308 399 346 468 L.
373 397 512 467 Gonu.
538 400 712 471 Biino.
742 410 817 496 3117

134 513 301 573 ultimarum
319 531 326 569 τ
344 533 399 574 vos
422 518 535 587 maria,
555 531 679 595 portus,
698 515 819 589 insulae,

85 603 91 607 “
134 592 301 673 littoraque.
319 591 396 670 Quae
410 594 450 655 est
466 598 544 655 enim
558 617 628 667 ora,
644 615 705 675 quae
718 595 818 668 sedes,

172 676 183 732 i
199 672 301 744 locus,
317 673 347 729 in
364 695 421 755 quo
435 697 495 736 non
509 674 619 735 exstent
631 673 714 752 hujus
729 697 819 757 quum

124 820 131 827 ,
166 752 335 825 rtitudinis,
353 771 415 813 tum
436 756 509 816 verb
529 755 735 828 humanitatis,
755 773 818 815 tum

134 834 247 906 animi,
275 848 337 890 tum
364 833 477 894 consilii
503 831 635 914 impressa
662 833 779 917 vestigia
806 835 819 896 d

134 911 221 971 Hunc
242 910 388 992 quisquam
410 914 569 974 incredibili
588 913 712 995 quadam
733 933 820 996 atque

134 991 260 1053 inauditi
272 995 431 1130 pravitate,
444 996 568 1067 virtute,
582 991 739 1067 constantii
751 1017 823 1074 prae·

136 1072 253 1146 ditum5
285 1072 383 1133 oedera
398 1073 534 1134 scientem
554 1072 731 1155 neglexisse,
750 1075 820 1136 vio'-

136 1150 224 1225 leffe,
244 1172 276 1210 ru
299 1151 371 1227 ille,
390 1153 486 1214 dicere
505 1154 647 1215 audebit?
772 1168 774 1173 ’

174 1231 240 1292 Vl.
293 1231 446 1294 ratificatur
467 1236 536 1294 mihi
552 1233 631 1317 gestu
651 1232 794 1293 accusator
811 1255 822 1308 3

137 1311 304 1374 inscientem
325 1310 384 1374 Cn.
404 1313 578 1395 Pompeium
596 1312 690 1375 fecisse
712 1312 821 1396 signifi-

137 1408 199 1453 tat:
257 1394 298 1452 asi
311 1395 385 1454 verb
404 1395 494 1455 levius
510 1398 567 1470 sit,
587 1416 675 1476 quum
693 1397 722 1454 in
741 1410 822 1456 tanta

136 1473 226 1553 repub
239 1473 283 1533 ica
310 1474 447 1548 versere,
476 1475 508 1534 &
536 1477 667 1536 maximis
696 1477 821 1558 negotiis

137 1555 255 1633 precis,
272 1550 368 1614 facere
383 1554 510 1635 aliquid,
529 1556 610 1637 quod
624 1555 693 1616 scias
709 1552 769 1616 non
788 1557 826 1616 li·

139 1652 204 1694 cere
217 1653 226 1707 ;
246 1653 283 1692 an
296 1637 416 1693 omnino
431 1634 539 1696 nescire
552 1635 621 1715 quid
633 1638 728 1695 liceat.
747 1635 823 1696 Ete-

137 1714 195 1772 nim
212 1733 303 1794 quum
321 1717 350 1772 in
368 1714 424 1773 His
440 1717 503 1774 ania
521 1717 631 1776 bellum
649 1716 820 1776 acerrimum

139 1792 170 1853 &
185 1796 344 1853 maximum
363 1814 399 1876 ge
422 1813 501 1868 erat,
521 1817 580 1877 quo
597 1793 659 1874 jure
676 1792 822 1859 Gaditana

139 1874 238 1933 civitas
265 1872 358 1946 esset,
382 1874 553 1934 nesciebat?
580 1898 639 1947 an,
660 1872 739 1952 cujus
762 1875 822 1935 lin-

138 1972 222 2032 guam
236 1955 339 2033 populi
351 1976 410 2013 non
423 1953 534 2026 nosset,
547 1958 819 2034 interpretationem

138 2033 255 2093 foederis
278 2056 338 2092 non
357 2035 504 2096 tenebat?
523 2035 558 2094 ld
572 2039 656 2115 igitur
673 2034 821 2116 quisquam

139 2111 195 2173 Cn.
215 2112 390 2194 Pompeium
406 2114 546 2197 ignorasse
566 2116 661 2176 dicere
679 2116 822 2192 audebit,

138 2193 217 2274 quod
247 2195 410 2254 mediocres
439 2197 597 2270 homines,
628 2197 709 2278 quod
738 2198 820 2258 nullo

138 2273 207 2347 usu,
238 2274 319 2334 nullo
344 2273 435 2333 studio
457 2278 570 2337 militari
589 2279 722 2357 praediti,
741 2278 823 2359 quod

137 2354 275 2414 librarioli
289 2354 412 2434 denique
427 2354 494 2416 scire
512 2357 719 2437 profiteantur?

180 2453 227 2516 15.
248 2433 391 2515 Equidem
408 2437 508 2495 contri
523 2437 652 2498 existimo
666 2482 675 2510 ‚
687 2437 800 2497 Iudices
809 2481 822 2508 ,

138 2534 224 2593 quum
254 2517 284 2573 in
311 2518 392 2574 omni
417 2537 523 2596 genere
553 2539 586 2576 ac
608 2519 748 2577 varietate
771 2538 821 2574 ar-

138 2597 208 2653 rium
228 2638 238 2666 ,
262 2596 348 2654 etiam
369 2596 508 2668 illarum,
534 2617 597 2675 quae
623 2598 683 2655 sine
707 2594 820 2656 summo

140 2676 200 2735 otio
221 2694 283 2734 non
299 2673 381 2735 facile
403 2674 566 2747 discuntur,
588 2673 645 2735 Cn.
665 2674 821 2755 Pompeius

140 2753 295 2828 excellat,
323 2756 496 2836 singularem
525 2756 680 2836 quamdam
704 2755 820 2818 laudem

141 2830 220 2911 ejus,
237 2834 270 2895 &
286 2833 474 2915 praestabilem
489 2834 544 2897 esse
562 2836 705 2895 scientiam
718 2838 746 2896 in
766 2835 821 2897 soe·

143 2912 255 2977 denibus
273 2959 283 2991 ,
303 2913 502 2996 mulionibus,
524 2916 737 3057 mndig'lllffi
761 2939 820 2999 po·

668 3017 697 3077 u]
