2117 3942
246 367 272 430 '2
275 373 327 449 54
470 350 540 422 On
553 368 580 422 A
594 370 618 423 τ
630 367 649 420 1
663 370 689 422 ο
772 351 774 357 ’

246 493 317 533 num
335 466 480 530 concitare
498 466 613 547 poliunt
631 513 641 540 ,
660 465 740 549 quod
757 463 841 548 plebs
887 468 937 528 eri

247 550 343 613 funeta
368 549 540 630 gravissimis
563 547 750 608 seditionibus
767 569 801 607 ac
822 546 852 606 di
865 569 938 608 cor·-

248 633 301 691 diis
313 674 322 704 ,
334 632 425 690 otium
443 628 530 688 malle
549 629 701 702 videatur,
712 626 871 687 condublas
886 629 939 688 ba·

247 711 318 772 bent
339 711 496 770 conciones
513 729 523 780 3
542 728 639 789 neque
658 709 688 767 id
708 724 822 790 agunt,
845 723 879 767 ut
900 727 937 769 ea

247 792 367 863 dicant,
384 807 433 848 aut
447 788 564 860 ferant,
580 811 644 871 quae
657 789 698 848 illi
709 789 804 850 velint
816 788 937 862 audire,

247 874 298 954 qui
315 873 346 930 in
363 871 506 930 concione
524 868 607 942 sunt;
626 868 674 929 sed
693 871 790 950 pretio
807 889 842 927 ac
855 888 937 929 mer*

159 972 163 978 ’
248 951 324 1013 cede
338 948 512 1030 perficiunt,
528 967 587 1022 ut,
607 949 749 1030 quidquid
765 949 888 1025 dicant,
905 947 937 1009 id

247 1032 290 1093 illi
303 1033 381 1092 velle
400 1031 498 1091 audire
514 1030 678 1124 videantur.
694 1109 701 1124 Ι

249 1110 532 1262 tt¹⁰s³tdl2¹tl⁰3
551 1107 937 1271 {dtinuit-{llll

249 1288 408 1344 veterum,
428 1273 476 1350 qui
495 1270 651 1350 populares
670 1269 874 1344 habebantur,
891 1270 937 1330 ul·

248 1353 310 1414 lum
333 1371 471 1432 umquam
492 1352 522 1408 in
546 1354 691 1411 concione
712 1348 839 1411 habuille
863 1371 936 1410 con-

249 1432 367 1492 dudlum
378 1432 491 1491 inemo
508 1431 626 1490 habuit:
642 1429 703 1510 ipsa
716 1432 797 1492 enim-
806 1431 937 1512 largitio,

248 1513 285 1573 ἃ
305 1512 369 1592 spes
387 1510 538 1571 commodi
559 1513 724 1593 propositi,
742 1513 806 1571 sine
821 1531 940 1571 merce⁴

248 1591 289 1652 de
310 1592 368 1651 ulla
391 1590 608 1653 multitudinem
630 1591 807 1650 concitabat.
836 1590 940 1672 ltaque

235 1670 939 1814 1uriturtrutinetur:

183 1823 185 1826 ⁵
249 1773 346 1894 nestoes
363 1774 504 1893 hominei³
515 1854 525 1905 ;
544 1832 594 1893 sed
609 1773 842 1913 pdpuligjudiciis
863 1877 874 1904 ,
893 1848 940 1892 at·

290 1934 307 1975 e
326 1915 406 1974 omni
425 1911 633 1996 significatione
654 1914 818 1973 florebant:
842 1912 887 1972 his
908 1913 938 1971 itt

249 2012 263 2053 t
284 2013 365 2056 eatro
386 1995 601 2076 plaudebatur:
624 1994 654 2054 hi
675 1991 811 2074 suffragiis
829 2037 840 2063 ,
858 1990 939 2078 quod

250 2076 491 2147 contenderant,
517 2073 770 2155 consequebantur
794 2093 802 2131 ε
833 2073 938 2133 horum

251 2155 386 2216 homines
403 2176 534 2231 nomen,
547 2158 732 2228 orationem,
745 2153 879 2228 vultum,
893 2155 940 2213 im

251 2233 358 2294 cellum
377 2237 522 2295 amabant.
546 2235 609 2314 Qui
630 2253 726 2294 autem
744 2233 938 2296 adversaban-

250 2331 297 2373 tur
318 2318 346 2373 ei
364 2318 484 2396 generi,
505 2336 608 2453 pratea
631 2316 664 2376 &
683 2317 782 2396 magni
803 2313 941 2375 homines

250 2395 429 2455 habebantur
449 2415 458 2466 ;
475 2395 503 2454 se
544 2395 682 2456 valebant
699 2398 727 2455 in
744 2393 940 2455 senatumul·

251 2479 335 2549 alim,
353 2478 429 2564 apud
445 2477 541 2534 bonos
553 2477 633 2536 viros
652 2477 827 2556 plurimltm:
842 2475 940 2534 multi·

251 2557 345 2617 tudini
363 2557 481 2636 jucundi
497 2577 558 2616 non
576 2574 678 2629 erant3
695 2553 832 2637 suffragiis
846 2553 941 2616 offena

252 2636 374 2707 debatur
397 2637 472 2719 saepe
497 2657 601 2697 eorum
629 2638 764 2698 voluntas
783 2634 942 2774 :plausum

252 2719 326 2776 verb
342 2721 428 2778 etiam
446 2719 549 2798 siquis
568 2737 671 2778 eorum
686 2717 802 2798 aliquan
823 2738 842 2775 o
859 2735 942 2776 acce·

252 2814 353 2873 perat,
373 2819 415 2858 ne
430 2799 498 2879 quid
521 2796 659 2878 peccaffet
680 2841 689 2871 ,
709 2796 944 2877 pertimescebat.

251 2873 419 2954 Attamen,
439 2883 539 2960 siqua
564 2898 611 2939 res
630 2895 691 2940 etat
711 2874 841 2958 major,
862 2877 945 2952 idem
