2117 3942
278 374 376 445 Pno
403 376 477 445 Cn.
502 379 742 446 Prrncro.
783 393 861 469 509

179 508 223 552 tas
236 492 430 552 comitiorum.
442 491 491 552 Sin
500 493 557 551 hoc
567 491 691 571 persaepe
702 490 822 563 accidit,
832 505 864 549 ur

179 573 214 632 &
228 571 319 631 faiios
335 573 462 654 aliquos,
478 573 510 633 &
526 593 588 631 non
603 571 692 631 facios
710 570 766 631 effe
777 575 866 631 mire·

180 673 244 712 mur
256 673 262 710 :
275 655 297 710 si
307 673 443 732 campus,
458 669 545 732 atque
560 651 614 710 illae
625 652 709 710 uudae
723 653 865 712 comitio-

179 753 262 804 rum,
280 749 311 790 ut
331 753 410 791 mare
428 731 608 811 profundum
628 732 659 790 &
674 731 862 805 immensum,

180 816 221 871 sic
240 810 430 872 effervescunt
443 811 569 892 quodam
588 812 670 890 quasi
684 810 765 884 aestu,
782 829 813 871 ut
827 811 865 871 ad

177 893 253 952 alios
272 893 414 952 accedant
430 935 442 961 ,
459 891 496 950 ab
511 892 572 950 aliis
588 907 684 949 autem
704 891 865 966 recedant3

180 975 211 1031 in
231 989 312 1031 tanto
333 994 386 1032 nos
403 974 513 1052 impetu
536 970 712 1045 studiorum,
731 972 763 1030 &
783 989 867 1032 motu

181 1055 376 1125 temeritatis,
398 1052 520 1111 modurn
543 1052 696 1132 aliquem,
718 1052 749 1111 &
769 1053 867 1111 consi-

181 1134 273 1204 lium,
295 1133 328 1191 ὃ(
341 1135 483 1192 rationem
503 1134 679 1212 requiramus
693 1131 705 1189 i

227 1212 273 1271 16.
298 1212 399 1291 Quare
424 1214 486 1272 noli
510 1233 559 1271 me
583 1212 620 1271 ad
645 1212 867 1271 contentionem

181 1290 306 1351 vestram
329 1313 469 1353 revocate
489 1338 499 1365 ,
523 1293 697 1352 Laterensis.
720 1290 866 1365 Etenim,

182 1374 206 1431 si
229 1373 340 1452 populo
362 1392 441 1456 grata
463 1371 503 1432 est
525 1373 653 1446 tabella,
674 1393 737 1452 quae
756 1370 867 1431 frontes

181 1454 450 1532 aperirhontinum,
464 1456 655 1535 mentestegit
666 1474 676 1525 ;
689 1453 793 1533 datque
802 1473 870 1511 earn

182 1534 346 1593 libertatem
357 1579 366 1608 ,
379 1553 409 1593 ur
421 1581 430 1607 ,
443 1533 522 1615 quod
535 1536 627 1595 velint
638 1580 646 1606 ,
659 1533 781 1606 faciant3
798 1555 870 1613 pro-

183 1616 299 1673 mittant
318 1631 434 1686 autent,
451 1614 530 1693 quod
545 1632 702 1696 rogentur:
719 1635 768 1673 cur
784 1632 815 1672 tu
836 1613 867 1671 id
946 1637 950 1643 ·

184 1694 215 1752 in
238 1691 345 1771 judicio
360 1712 390 1752 ut
409 1692 459 1754 fiat
479 1697 636 1772 exprimis,
658 1694 738 1771 quod
757 1715 816 1753 non
836 1692 868 1752 fit

184 1777 215 1833 in
233 1774 360 1853 campo?
377 1773 452 1846 Hic,
466 1774 552 1854 quim
566 1773 636 1846 ille,
655 1773 683 1831 di
703 1775 786 1846 nior,
802 1793 871 1853 pet·

185 1875 272 1934 quam
290 1873 377 1935 grave
396 1853 435 1915 est
449 1853 533 1912 dictu.
554 1794 720 1932 Quomodo
732 1852 869 1934 igiturest

185 1935 316 2013 aequius?
335 1934 401 2006 Sic,
419 1934 507 1993 credo
526 1977 537 2003 ,
558 1933 638 2012 quod
656 1936 765 2012 agitur,
786 1935 866 2014 quod

185 2013 250 2072 satis
267 2014 306 2073 est
318 2012 405 2092 judici
417 2034 425 2086 ;
437 2014 482 2072 hic
497 2012 586 2072 fadus
601 2011 651 2073 est.
675 2012 736 2072 Cur
748 2012 798 2072 iste
813 2035 871 2093 po·
898 2038 902 2046 ·

185 2097 241 2152 tiirs
254 2137 262 2164 ,
277 2094 362 2170 quim
382 2092 462 2172 ego?
480 2093 539 2152 Vel
556 2092 731 2165 nescio,vel
747 2115 808 2152 non
824 2094 872 2153 di·
932 2091 935 2097 ’

187 2187 248 2243 co,
267 2173 314 2230 vei
333 2173 570 2253 denique,quod
582 2174 652 2231 mihi
670 2175 868 2254 gravissimum

187 2250 257 2313 esset
275 2255 314 2310 sic
332 2253 447 2326 dicere,
467 2252 515 2314 sed
529 2254 646 2334 impune
659 2270 755 2313 tamen
775 2254 869 2315 debe-

186 2354 249 2393 rem
274 2333 394 2395 dicere:
414 2333 483 2395 Nou
501 2335 587 2395 redii.
605 2334 682 2394 Nam
702 2335 770 2415 quid
795 2334 870 2394 affe-

187 2433 310 2494 querer,
327 2418 349 2474 si
364 2415 411 2474 illa
428 2417 558 2476 extremi
570 2415 740 2475 defensione
755 2430 869 2487 urerer,

187 2495 356 2574 populum,
376 2495 460 2630 1quod
477 2493 638 2566 voluiiiet,
660 2492 755 2553 fecisse
777 2536 786 2566 ,
806 2514 868 2553 non

188 2573 269 2654 quod
289 2571 374 2632 debui
398 2573 449 2631 et?

229 2650 309 2710 Vll.
335 2650 438 2729 Quid,
462 2653 485 2710 si
503 2651 604 2733 populi
625 2671 742 2733 quoque
762 2650 867 2713 fadum

189 2729 339 2803 defendo,
359 2730 541 2803 Laterensis,
556 2733 589 2790 &
609 2731 725 2805 doceo,
741 2730 867 2794 Cneium

189 2810 336 2870 Plancium
349 2832 409 2870 non
422 2809 577 2891 obrepsisse
591 2811 627 2869 ad
643 2813 804 2887 honorem,
819 2815 867 2875 sed

189 2910 228 2952 eo
247 2888 354 2952 venisse
372 2889 473 2966 cursu,
488 2894 538 2974 qui
552 2890 666 2974 semper
678 2897 796 2972 patuerit
812 2896 870 2956 ho·
956 2894 960 2903 ’

667 2972 747 3054 Yiij
