2117 3942
256 325 335 398 '116
479 307 728 392 Osterio·
788 344 800 364 ·>

253 435 432 510 Postumius,
451 433 479 495 se
499 440 594 510 vivo,
614 436 692 506 illam
716 436 838 499 domum
858 435 941 500 istius

253 537 411 600 numquam
432 515 567 583 suturam.
586 516 698 577 Acutus
713 517 882 579 adolescens
899 541 938 579 ex

252 601 339 679 ipsius
355 596 487 657 sermone
505 597 664 669 intellexit,
681 600 749 678 quid
765 597 827 659 steri
843 621 938 678 opor-

252 696 327 739 teret
341 699 350 751 ;
363 678 515 737 hominem
527 693 645 738 veneno
660 680 837 758 apertissime
849 678 938 738 sustu·

249 759 284 829 lit
300 781 307 817 :
322 761 392 829 emit
406 757 526 828 domum
537 802 547 830 ,
558 757 744 819 licitatoribus
755 758 917 841 defatigatis
928 796 942 833 ς

252 839 350 921 ρῐορὲι
360 837 478 899 dimidio
492 840 602 911 caribs,
619 837 705 919 quim
726 837 894 899 aestimaba't.

224 941 225 945 ¹
297 919 363 991 1t6.
374 916 527 996 ‚Quorsum
545 919 630 1000 igitur
648 919 710 978 lraec
729 922 825 979 oratio
844 922 939 1000 perti-

252 1000 327 1073 net?
346 997 464 1073 Domus
487 1017 553 1066 mea
574 997 622 1058 illa
644 999 737 1079 prope
759 1017 823 1060 tota
843 1020 938 1061 vacua

253 1078 315 1154 est:
332 1082 381 1151 vix
401 1100 466 1159 pars
487 1078 592 1138 aedium
616 1099 745 1153 mearum
765 1080 879 1150 decima
898 1081 938 1140 ad

254 1158 351 1221 Catuli
385 1162 509 1220 orticum
520 1161 641 1219 accessit
651 1159 753 1234 :causa
765 1160 819 1229 suit
832 1160 939 1222 ambu-

254 1241 344 1311 latio,
356 1181 390 1311 ἕ(
402 1247 642 1316 monumentum,
654 1241 684 1300 δι
697 1239 747 1316 isla
757 1239 939 1322 Tanagraea,

254 1317 387 1402 oppressi
406 1319 562 1392 libertate,
580 1319 733 1393 Libertas:
752 1323 782 1381 in
804 1320 937 1396 Palatio,

254 1400 448 1482 pulcherrimo
459 1399 609 1480 prospeilu
619 1438 632 1474 ,-
640 1404 783 1482 porticum
792 1422 859 1462 cum
867 1423 939 1475 con·

253 1480 382 1553 clavibus
398 1483 626 1561 pavimentatam
643 1481 809 1555 trecentsnn
826 1482 938 1563 pedum

254 1562 442 1649 concupierat
450 1562 678 1640 „amplissimum
688 1561 876 1644 peristylum3
887 1583 937 1624 ce-

253 1657 316 1702 tera
336 1640 502 1715 eiusmodi,
523 1640 607 1710 sacili
629 1661 659 1702 ut
680 1646 811 1702 omnium
828 1643 938 1703 domos

255 1721 289 1783 ὅ(
304 1721 443 1794 laxitate,
460 1722 493 1781 ὃ(
509 1721 644 1802 dignitate
660 1721 813 1803 superaret.
827 1722 865 1783 Et
879 1725 937 1785 ho«

253 1822 305 1865 mo
317 1801 479 1885 religiosus,
491 1823 578 1882 quum
591 1803 667 1863 aedes
679 1824 759 1864 meaa
769 1803 845 1863 idem
859 1824 938 1865 eme·

253 1895 318 1956 tet,
334 1883 367 1944 &
386 1883 528 1945 venderet
542 1904 552 1956 ;
566 1901 664 1944 tamen
680 1884 734 1943 illis
751 1885 837 1944 tantis
852 1900 936 1947 tene·

218 1994 221 2000 ·
253 1964 323 2024 bris¹
335 1985 395 2025 non
411 1963 452 2025 est
470 1962 550 2025 ausus
565 1964 645 2024 suurn
662 1983 772 2025 nomen
794 1967 937 2044 emptioni

253 2044 295 2105 illi
311 2044 469 2106 adscribere
483 2066 490 2103 :
503 2044 597 2124 posuit
608 2042 714 2106 scilicet
725 2043 883 2105 Scatonem
901 2047 936 2104 il·

252 2124 312 2185 lum
323 2125 492 2196 ,hominem
504 2123 553 2183 sui
565 2127 672 2185 virtute
683 2141 817 2206 egentem
826 2169 836 2198 ,
845 2141 878 2185 ut
890 2126 933 2199 is,

253 2205 301 2283 qui
315 2206 345 2264 in
359 2203 483 2278 Marsis,
498 2205 549 2264 ubi
562 2221 644 2264 natus
657 2202 719 2276 est,
735 2203 844 2264 tedium
854 2248 864 2277 ,
874 2224 935 2286 quo

253 2283 352 2343 imbris
369 2285 481 2344 vitandi
501 2285 589 2344 'causi
609 2283 803 2358 succederet,
823 2286 935 2347 nullum

251 2362 388 2439 haberet,
402 2364 478 2426 aedes
489 2367 518 2426 in
530 2365 641 2436 Palatio
652 2365 843 2427 nobilissimas
852 2370 937 2427 emis·

252 2442 331 2505 sese
353 2444 472 2507 diceret.
497 2443 671 2508 inferiorem
693 2446 797 2507 aedium
818 2463 934 2527 ¹partem

251 2527 408 2608 assignavit
417 2549 478 2588 non
488 2524 544 2586 suae
553 2528 634 2609 genti
642 2526 850 2601 Fonteiae,se'd
860 2525 935 2588 clo·

253 2606 329 2680 diae,
344 2626 429 2688 quam
441 2609 573 2689 reliquit:
584 2627 672 2688 quem
685 2609 717 2667 in·
729 2627 883 2681 numerum
898 2628 934 2669 ex

252 2686 349 2746 multis
364 2686 477 2750 Clodiis
486 2708 577 2748 nemo
589 2706 699 2762 nornen
710 2686 810 2764 dedit,
821 2689 875 2750 nisi
886 2705 934 2752 aut

250 2765 401 2847 egestate,
417 2786 467 2830 aut
482 2767 590 2830 scelere
632 2768 750 2829 erditus.

248 2916 251 2923 ¹
292 2842 402 2912 XLV.
416 2851 502 2913 Hanc
519 2870 597 2924 vos,
610 2789 793 2924 lentilices,
806 2865 866 2912 tam
882 2866 936 2925 vae
