2117 3942
278 386 336 437 1n
362 370 398 442 L.
424 369 675 439 stonrar.
734 385 812 463 437

131 486 277 545 honorem
294 486 404 544 nomini
425 483 601 545 mandabant
617 502 680 544 tuo.
708 484 820 562 AEdilta

133 586 164 625 es
184 563 284 624 sallus.
305 561 368 623 Piso
385 563 425 624 est
443 587 460 624 a
477 565 590 644 populo
604 565 740 625 Romano
753 564 816 624 fac·

132 661 198 718 tus,
218 665 279 704 non
296 641 348 703 iste
366 636 442 704 Piso.
466 643 591 703 Praetura
603 647 673 705 item
691 642 815 723 majori·

131 726 185 784 bus
199 724 295 784 delata
308 721 350 782 est
365 727 438 784 tuis:
457 726 522 783 noti
535 742 615 784 erant
630 725 670 784 illi
687 727 813 785 mortui:

131 822 162 865 te
182 805 284 865 vivum
303 804 435 863 nondum
449 821 573 863 noverat
591 803 746 885 quisquam.
760 805 815 865 Me

132 906 221 966 quum
240 882 411 965 quaestorem
428 885 593 963 inprimis,
610 885 723 944 aedilem
734 889 815 965 prio·

131 986 218 1038 rem,
237 982 393 1045 praetorem
412 965 536 1044 primum
556 964 662 1023 cunetis
680 962 814 1046 suffragiis

132 1045 257 1125 populus
284 1042 436 1104 Romanus
458 1043 582 1104 faciebat
601 1064 610 1115 3
632 1045 743 1103 homini
764 1046 814 1105 ille

132 1127 297 1202 honorem,
315 1145 375 1184 uon
384 1127 484 1205 generi
495 1143 505 1195 ;
517 1124 646 1183 moribus
657 1169 666 1195 ,
678 1144 739 1182 non
753 1145 815 1185 ma-

131 1203 241 1284 joribus
264 1207 357 1277 meis;
374 1207 472 1264 virtuti
488 1202 662 1284 perspedlae,
679 1224 742 1263 non
762 1225 815 1264 au·

134 1286 200 1351 ditae
219 1284 363 1344 nobilitati
380 1283 542 1344 deferebat.
647 1282 649 1286 ’

175 1382 204 1443 3.·
227 1364 304 1424 Nam
321 1364 389 1445 quid
401 1385 460 1446 ego
478 1365 515 1425 de
533 1363 679 1425 consulatu
691 1362 815 1445 loquar?

131 1466 218 1526 parto
236 1449 299 1518 vis,
313 1466 388 1505 anne
419 1444 478 1504 esto
492 1445 502 1505 ἓ
515 1443 654 1506 Miserum
666 1447 731 1504 me!
747 1465 816 1504 curn

132 1529 186 1586 hac
203 1545 251 1585 me
271 1546 346 1584 nunc
361 1467 460 1606 pede,
476 1544 562 1607 atque
580 1525 644 1586 labe
664 1524 815 1585 confero?

131 1606 181 1666 sed
198 1605 266 1665 nihil
284 1608 470 1684 comparandi
488 1607 572 1665 causi
592 1606 717 1686 loquar3
740 1622 817 1664 atta-

132 1707 201 1747 men
220 1706 274 1758 ea,
296 1707 359 1766 quae
381 1684 444 1744 sunt
463 1686 628 1766 longissime
654 1684 817 1763 disjundla,

133 1766 391 1846 comprehendam.
414 1765 461 1824 Tu
478 1764 578 1824 consul
590 1785 621 1824 es
638 1767 816 1825 renuntiatus

132 1844 227 1987 {nihil
242 1846 333 1905 dicam
354 1848 487 1927 gravius,
506 1843 593 1923 quiam
611 1845 690 1924 quod
712 1865 823 1919 omnes⁸

145 1923 285 2006 arentur)
313 1927 457 2004 impeditis
482 1924 646 2003 reipublicae
670 1927 817 2003 tempori-

131 2009 209 2079 bus,
234 2006 436 2064 dissidentibus
462 2003 622 2062 consulibus
647 2001 761 2063 Caesare
784 2004 817 2063 &

133 2088 259 2157 Bibulo,
272 2105 359 2164 quum
375 2085 431 2144 hoc
446 2105 506 2143 non
520 2082 681 2155 recusares,
695 2086 763 2164 quin
776 2086 817 2157 ii,

133 2191 149 2227 a
168 2167 271 2248 quibus
287 2164 419 2224 dicebare
438 2163 555 2237 consul,
568 2180 597 2223 te
611 2164 673 2223 luce
696 2167 724 2223 di
746 2184 817 2224 num

132 2268 194 2307 non
215 2246 371 2327 putarent,
391 2246 444 2305 nisi
466 2247 588 2325 nequior
609 2244 695 2326 qudm
720 2185 817 2306 gabi-

132 2329 196 2387 nius
216 2371 226 2398 ,
249 2322 403 2386 exstitisses.
435 2325 490 2385 Me
508 2324 609 2385 cundia
628 2322 737 2398 Italia,
765 2345 816 2385 me

133 2427 237 2468 omnes
258 2405 392 2479 ordines,
416 2426 463 2467 me
485 2404 616 2466 universa
634 2408 733 2464 civitas
754 2425 815 2462 non

132 2489 210 2568 pribs
228 2486 354 2558 tabella,
372 2486 459 2564 quim
476 2506 575 2559 voce,
592 2489 719 2564 priorem
743 2504 817 2543 con·

132 2568 221 2627 sulem
241 2565 408 2626 declaravit.

138 2696 142 2703 .
174 2647 214 2706 ll.
238 2645 296 2706 Sed
321 2647 452 2716 omitt0,
475 2660 506 2703 ut
526 2645 562 2703 sit
579 2641 668 2702 fadus
691 2658 817 2722 uterque

132 2725 279 2787 nostrdm:
303 2727 337 2785 sit
362 2723 426 2784 sane
450 2723 521 2783 Fors
549 2724 667 2783 domina
693 2724 818 2802 campi:¹

132 2805 361 2948 maffinificentius
378 2802 418 2864 est
430 2803 550 2878 dicere,
567 2802 814 2884 quemadmodum

133 2907 171 2973 ge
194 2890 297 2949 erimus
326 2883 533 2958 consulatum,
561 2883 647 3024 quiin
662 2884 815 2977 ‘quemads

661 2986 690 3046 n]
