2117 3942
192 374 268 470 558
343 409 346 413 ·
415 373 647 443 ormo
766 396 770 402 ·

190 512 275 565 mus,
289 489 488 573 depugnemus
501 511 507 549 :
522 489 605 570 quod
623 487 665 550 est
682 487 771 570 longe
787 487 871 550 secus.

190 571 272 632 stare
286 573 364 630 enim
382 591 486 631 omnes
502 571 643 631 debemus
656 614 666 641 ,
680 586 829 650 tamquam
845 574 884 652 itt·

187 651 263 711 orbe
278 650 375 730 aliquo
391 651 577 731 reipublice,
590 652 640 730 qui
655 653 796 729 quoniam
809 671 870 710 ver·

188 729 284 804 ieeur,
300 740 367 793 ea'm
380 733 507 814 deligere
520 747 631 811 partem
642 772 653 802 ,
666 729 704 789 ad
722 751 811 810 quam
822 751 871 790 nos

188 810 262 870 illius
276 811 406 885 utilitas,
425 811 549 892 salusque
565 812 757 871 converterit.

232 888 400 952 XXXIX
415 891 480 973 Ego
493 909 590 952 autem
604 888 663 951 Cn.
679 889 869 970 Pompeium,

188 990 251 1031 nou
272 970 339 1030 dico
360 971 526 1044 sudorem,
546 971 673 1043 ducem,
690 970 869 1031 defensorem

187 1048 283 1110 solutis
303 1049 410 1133 mere(
431 1072 498 1112 mam
518 1052 580 1113 haec
602 1054 740 1131 privatim
760 1049 869 1112 fortasse

186 1129 353 1191 officiorum
375 1135 575 1205 memoriam,
599 1134 631 1190 &
675 1133 778 1192 retiam
794 1153 869 1211 quae·

186 1209 279 1291 runt)
293 1209 341 1272 sed
355 1211 422 1271 dico
437 1212 518 1282 hoc,
534 1211 613 1292 quod
630 1151 805 1272 adsalutem
820 1212 868 1271 tei·

186 1289 308 1368 publicae
330 1294 481 1370 pertinet:
509 1310 566 1351 eo
589 1310 658 1352 eum
681 1306 746 1352 uon
773 1308 866 1362 tuear,

184 1369 866 1532 distillatdidisset-⁹153{if

183 1532 363 1669 altili
388 1530 780 1690 '¹¹¹{llrl'5l'lplss’lillt
798 1551 865 1691 ”diff

79 1710 82 1714 ’
183 1691 263 1749 rimis
275 1705 359 1772 atque
370 1691 550 1770 amplissimis
562 1689 672 1766 judiciis
684 1693 804 1752 videam
815 1690 864 1755 effe

181 1768 362 1830 celebratas?
373 1770 453 1830 Tum
464 1771 582 1831 hercule
594 1791 644 1831 me
656 1771 798 1837 confitear
810 1793 863 1831 uou

180 1847 321 1930 judicium
349 1851 467 1931 aliquod
492 1849 617 1913 habuille
640 1851 679 1910 de
708 1852 862 1934 reipublice

181 1932 326 2003 utilitate,
344 1932 395 1991 sed
413 1932 576 1992 hominibus
592 1934 742 2008 amicum,
755 1950 802 1995 aut
815 1932 860 1990 iri·

101 2018 104 2041 ¹
181 2014 289 2073 micum
309 2011 399 2074 fuisse.

223 2111 273 2169 94.
294 2090 363 2165 An,
381 2112 469 2174 quum
481 2091 598 2152 videam
611 2112 724 2153 navem
740 2091 860 2153 secundis

180 2175 275 2228 ventis
290 2171 399 2231 cursum
412 2163 655 2233 tenentem'suum
668 2217 678 2246 ,
692 2176 717 2232 si
730 2196 788 2236 uon
799 2191 859 2232 eum

178 2266 260 2330 petat
276 2269 417 2329 portum,
432 2272 521 2332 quem
542 2272 599 2333 ego
618 2253 776 2333 aliquando
792 2272 857 2330 pro-

178 2331 269 2404 bavi,
290 2329 340 2390 sed
361 2333 447 2391 alium
468 2353 528 2390 nou
547 2334 642 2392 minim·
662 2349 757 2394 tutum
775 2349 854 2409 etque

178 2411 387 2492 tranquillum,
401 2431 467 2472 cum
482 2409 657 2492 tempestate
670 2431 796 2496 pugnem
809 2428 855 2486 pe·

177 2493 302 2552 riculose
319 2495 436 2572 potius,
454 2491 542 2571 quim
561 2492 602 2551 illi
615 2491 734 2562 ,salute
750 2491 856 2574 praeser·

176 2574 231 2632 tim
247 2572 418 2653 propositi,
435 2572 663 2652 obtemperem,
678 2575 713 2634 δι
725 2570 856 2655 paream?

93 2698 96 2707 .
177 2650 285 2734 Neque
310 2655 388 2715 enim
411 2649 596 2714 inconstantis
619 2672 723 2731 puto,
746 2654 857 2717 seuten-

176 2732 272 2804 tiam,
288 2750 435 2814 tamquam
454 2732 571 2812 aliquod
591 2735 762 2815 navigium,
777 2750 856 2813 atque

174 2810 310 2884 cursum,
330 2833 366 2875 ex
384 2813 547 2894 reipublicae
567 2829 629 2874 tem
652 2813 742 2876 estate
763 2814 856 2875 mode·

175 2894 240 2956 rari.
259 2890 325 2973 Ego
341 2895 413 2954 verb
431 2894 493 2970 lraec·
507 2892 615 2966 didici,
628 2834 689 2953 laec
705 2895 787 2967 vidi,
802 2895 856 2954 haec

176 2971 279 3056 scripta
296 2974 374 3058 legi:
390 2974 452 3037 ltaec
467 2973 504 3039 de
520 2971 733 3056 sapientissimis
752 2975 785 3039 δι
803 2975 855 3037 cle·
