2117 3942
139 335 243 404 '82
419 330 638 404 Otrrro

189 449 292 508 flentes
305 447 400 529 potius
412 447 556 529 prosecuti
572 448 652 523 sunt,
664 446 751 530 quim
770 464 820 510 aut
830 450 879 512 ini

183 545 340 608 ¹crepantes
358 531 537 589 retinuerunt
557 572 566 601 ‚
592 546 640 588 aut
657 532 721 589 irati
747 531 877 612 relique-

188 607 277 668 runt?
291 608 340 669 An
356 610 414 669 hoc
426 609 585 682 timebam,
601 614 627 670 si·
639 630 755 672 mecum
771 631 878 693 agere·

188 707 236 749 tur
255 708 339 754 more
360 688 548 771 institutoque
570 689 734 771 majorum,
752 708 783 750 ut
800 712 878 773 pos-

187 769 249 832 sem
264 770 386 851 praesens
401 770 557 832 sustinere?

233 852 405 933 57.Utri1m
424 855 445 913 si
465 852 524 911 dies
543 851 617 911 dieia
631 850 718 925 esset,
733 849 875 932 judicium

183 933 260 993 mihi
271 931 324 993 suit
337 932 615 1013 pertimescendum?
634 955 671 992 an
683 935 745 994 sine
763 931 875 1013 judicio

184 1015 371 1097 ‘privilegium
385 1014 395 1073 ?
411 1013 553 1074 Iudicium
567 1015 596 1094 iu
609 1011 691 1074 causa
702 1030 762 1073 tam
775 1015 875 1094 turpi?

188 1094 294 1156 scilicet
310 1097 333 1155 is
351 1096 442 1154 homo
458 1093 539 1167 sum,
559 1095 629 1176 qui,
645 1096 771 1154 etiamsi
791 1094 873 1156 causa

190 1174 261 1237 esset
279 1178 398 1258 ignota,
420 1174 545 1236 dicendo
563 1196 625 1235 non
643 1173 757 1255 possem
777 1175 874 1256 expli·

189 1276 266 1318 care.
291 1256 341 1317 An
359 1277 424 1317 eam
439 1254 551 1315 causam
567 1255 693 1335 probare
704 1277 765 1315 non
782 1275 875 1338 pote-

189 1359 270 1411 ram,
292 1335 379 1415 cujus,
393 1352 472 1397 tama
488 1337 604 1395 bonitas
622 1333 686 1409 est,
707 1353 739 1396 ut
763 1357 798 1397 ea
813 1336 873 1419 ipsa

189 1439 250 1479 non
265 1416 414 1492 modose,
428 1415 578 1478 sedetiam
593 1437 642 1478 me
658 1415 808 1478 absentem
819 1439 874 1499 per

187 1499 217 1558 se
235 1497 387 1579 probarit?
406 1520 442 1559 an
461 1498 596 1570 serratus,
616 1519 652 1558 arr
675 1499 816 1567 ordines,
835 1520 873 1559 an

178 1581 227 1652 ii,
241 1581 289 1660 qui
303 1579 402 1639 cuneta
416 1600 451 1641 ex
465 1578 546 1639 Italia
559 1579 596 1639 ad
608 1598 657 1640 me
670 1579 872 1640 revocandum

188 1659 441 1734 convolaverunt,
458 1660 603 1744 segniores
618 1679 667 1720 me
701 1660 820 1721 raeseme
834 1661 872 1720 ad

187 1761 236 1802 me
259 1741 443 1802 retinendum
460 1743 492 1802 ὅ(
510 1682 738 1802 conservantssrm
758 1739 873 1801 suissent

187 1824 218 1882 in
231 1841 266 1883 ea
275 1822 376 1897 eausa,
391 1844 477 1906 quam
489 1821 549 1904 ipse
562 1819 625 1901 jam
632 1820 773 1902 parricida·
780 1822 872 1883 talem

186 1903 264 1964 dicat
281 1902 380 1979 fuisse,
394 1922 426 1965 ut
443 1924 491 1965 me
506 1904 543 1963 ub
564 1902 697 1963 omnibus
713 1900 751 1960 ad
772 1921 872 1962 meam

184 1983 331 2066 pristinam
348 1986 517 2068 dignitatem
527 1986 707 2066 expetitum,
724 1997 811 2063 atque
825 2003 872 2045 re·

186 2084 327 2128 vocatum
345 2066 498 2149 queratur?
580 2131 587 2141 ,

232 2145 279 2227 58.
305 2148 355 2207 An
377 2150 503 2209 veroin
526 2144 636 2226 judicio
656 2142 776 2225 pericuii
800 2143 871 2204 nihil

188 2223 263 2300 suit3
280 2228 462 2311 privilegium
472 2227 628 2313 pertimui,
644 2244 703 2299 ne,
713 2224 783 2283 mihi
799 2246 873 2305 prae·

187 2306 257 2368 senti
276 2309 300 2367 si
312 2311 404 2370 multa
419 2313 610 2394 irrogaretur,
631 2327 721 2368 nemo
740 2307 871 2367 interce-

187 2385 303 2451 deret?
327 2389 405 2452 Tam
431 2395 516 2473 inops
536 2405 632 2461 autem
656 2407 712 2471 ego
731 2406 810 2446 eram
832 2387 872 2446 ab

187 2473 307 2545 amicis,
322 2489 370 2533 aut
386 2489 446 2533 tam
460 2473 538 2534 num
548 2469 706 2552 respublica
726 2490 742 2526 a
760 2470 871 2549 magis-

187 2553 326 2615 tratibus?
353 2553 459 2636 Quid?
477 2557 501 2614 si
519 2568 633 2614 vocatae
646 2549 738 2610 tribus
755 2547 869 2620 essent,

185 2633 448 2717 proscriptionem,
461 2655 523 2695 non
542 2632 635 2692 dicam
645 2633 674 2691 in
687 2649 759 2704 me,
779 2632 819 2688 ita
830 2628 871 2689 de

186 2712 233 2773 sua
252 2715 340 2778 salute
358 2718 487 2789 merito,
502 2712 551 2774 sed
567 2715 686 2773 omnino
707 2713 736 2769 in
751 2710 812 2769 ullo
826 2712 870 2770 ci-

181 2811 226 2854 ’νε
244 2794 527 2878 comprobaviffent?
549 2792 617 2868 An,
632 2796 655 2853 si
671 2813 729 2882 ego
746 2789 871 2872 praesens

185 2873 313 2951 fuissem,
327 2897 441 2942 veteres
453 2879 508 2940 illae
525 2878 619 2958 copiae
631 2891 871 2956 conjuratorum,
