2117 3942
263 378 672 467 construamus.
744 390 823 478 '357

131 512 210 567 cua,
230 511 281 554 aut
293 492 375 551 lucus
391 492 420 549 in
433 488 548 553 Graecia
565 510 627 553 tota
639 512 698 555 tarn
714 494 822 557 sancius

131 573 216 647 firit,
232 576 262 635 in
275 594 335 654 quo
348 573 437 633 ullum
449 574 652 645 simulacrum,
670 577 757 635 ullum
773 598 822 636 or·

132 671 309 715 namentum
322 654 463 733 reliquum
478 652 534 710 sit?
553 653 651 712 Emisti
667 678 682 714 a
699 656 836 717 foedissi··

134 754 189 795 mo
207 735 326 795 tribuno
344 734 462 814 plebis,
480 749 541 790 turn
560 736 588 791 in
605 735 655 793 illo
675 736 821 819 naufragio

133 811 224 895 hujus
242 816 346 884 urbis,
364 833 452 895 quam
471 829 502 872 tu
520 812 622 886 idern,
646 818 694 895 qui
711 817 821 896 guber-

134 914 208 956 nare
227 894 388 967 debueras,
406 910 552 953 everteras
566 914 573 951 :
587 912 667 965 turn,
686 898 822 974 inquam,

135 972 233 1037 emisti
249 975 350 1057 grandi
366 977 509 1053 pecunia,
523 992 554 1031 ut
571 976 623 1032 tibi
642 976 679 1034 de
694 978 837 1054 pecuniis·

136 1054 258 1117 creditis
276 1051 320 1132 jus
339 1057 368 1113 in
385 1055 491 1113 liberos
511 1056 636 1133 populos
657 1073 756 1114 contra
774 1054 835 1115 se-·

136 1133 406 1205 natuseonsultum,
433 1135 465 1193 &
487 1152 589 1193 contra
609 1136 704 1216 legem
724 1138 823 1216 generi

136 1219 180 1276 tui
197 1216 298 1277 dicere
316 1215 415 1274 liceret
433 1235 441 1271 ε
459 1214 489 1272 id
508 1232 638 1292 emptum
658 1218 696 1273 ita
716 1216 823 1275 vendi-

138 1294 224 1370 disti,
245 1313 278 1356 ut
297 1314 345 1355 aut
365 1292 409 1371 jus
430 1315 491 1353 non
513 1295 648 1366 diceres,
670 1314 717 1354 aut
737 1295 823 1356 bonis

139 1379 222 1437 cirea
236 1375 389 1435 Romanos
403 1393 561 1434 everteres.

179 1455 213 1517 8.
226 1455 363 1536 Quorum
378 1474 433 1536 ego
446 1456 514 1514 nihil
527 1476 603 1515 nunc
614 1500 623 1529 ‚
635 1454 733 1515 Patres
754 1477 825 1516 con·

137 1534 255 1617 scripti,
274 1538 304 1595 in
323 1536 472 1596 hominem
489 1535 604 1616 ipsum;
626 1535 662 1596 de
674 1540 825 1617 provincia

141 1616 268 1757 disguto.
284 1616 385 1697 Itaque
406 1618 503 1675 omnia
522 1617 592 1686 illa,
613 1638 676 1696 quae
695 1620 726 1676 bt
749 1617 821 1697 saepe

141 1718 176 1757 au
198 1694 281 1770 istis,
302 1697 335 1757 &
353 1698 458 1756 teneris
477 1698 599 1766 animis,
618 1698 704 1755 etiarn
722 1699 745 1754 si
762 1718 824 1757 non

143 1776 287 1850 audiatis,
307 1779 520 1857 praetermitto:
542 1777 611 1834 nihil
631 1777 669 1835 de
690 1777 741 1834 hac
762 1775 824 1854 ejus
899 1812 903 1819 ·

143 1860 251 1919 urbana
262 1902 274 1930 ,
284 1878 371 1937 quam
386 1858 434 1917 ille
450 1855 591 1937 praesens,
609 1858 638 1914 in
653 1856 742 1914 oculis
756 1876 839 1915 ves-·

144 1940 193 1997 tris
208 1936 408 2017 mentibusque
429 1935 525 1997 defixit
541 1982 550 2006 ,
567 1938 683 1995 audacia
702 1936 825 2014 loquor:

146 2018 212 2079 nihil
235 2018 275 2079 de
297 2016 446 2097 superbia,
472 2017 539 2075 nihil
563 2019 599 2075 de
624 2019 825 2089 contumacia,

148 2100 214 2159 nihil
234 2099 275 2159 de
294 2099 461 2158 crudelitate
485 2096 598 2175 disputo
622 2117 629 2154 ι
653 2097 760 2155 lateant
789 2097 826 2156 li-

149 2178 257 2241 bidines
274 2176 337 2254 ejus
352 2179 406 2237 illae
421 2176 605 2237 tenebricosa
622 2221 632 2247 ‚
651 2198 720 2256 quas
743 2175 827 2236 fron-

150 2274 176 2320 te
196 2260 227 2321 &
256 2257 435 2340 supercilio,
462 2280 522 2316 non
548 2259 659 2337 pudore
689 2258 720 2317 &
749 2277 828 2318 tem-

152 2341 278 2419 perantici
295 2340 489 2419 contegebat:
514 2338 551 2398 de
564 2340 732 2418 provincia,
767 2338 828 2397 uod

85 2410 92 2506 Ἰ
155 2422 265 2501 agitur,
287 2420 317 2478 id
338 2419 460 2500 disputo.
490 2419 565 2477 Huic
586 2440 640 2478 vos
665 2440 724 2477 non
746 2361 830 2475 <ilum·

86 2571 99 2587 .
157 2498 288 2561 mittetis?
305 2500 380 2559 hunc
395 2502 496 2561 diutius
520 2519 637 2558 manere
656 2494 828 2575 patiemini?

86 2596 91 2657 ᾗ
159 2578 250 2657 trtius,
269 2596 301 2639 ut
321 2584 502 2659 provinciam
524 2580 616 2656 tetigit
638 2620 648 2648 ‚
667 2578 705 2633 sic
734 2575 830 2633 fortu-

161 2678 191 2719 na
202 2680 265 2721 curn
277 2662 464 2740 improbitate
476 2660 613 2728 certavit,
623 2673 653 2713 ut
665 2674 753 2713 nemo
764 2675 829 2732 pos·

86 2722 109 2761 ᾖ
163 2736 219 2809 iet,
235 2743 333 2801 utrittn
347 2741 488 2823 posterior
502 2782 511 2810 ,
523 2759 560 2797 an
579 2734 720 2795 infelicior
739 2734 841 2809 effer,v

86 2800 118 2847 '³³
168 2812 291 2895 judicare.

96 2884 125 2975 3²⁶
199 2914 227 2977 9·
244 2898 296 2965 An
310 2899 384 2965 verb
404 2901 434 2961 in
453 2897 538 2980 Syria
557 2898 659 2961 diutius
677 2888 722 2957 est'
735 2866 837 2964 Semi-‚⁸
