2117 3942
168 352 241 420 nr
263 346 728 425 Adnsrrcurfflror.
752 354 828 429 :81

138 464 207 539 est,
226 464 457 547 illo'impun‘rto3
477 464 622 530 deteriore
642 486 739 530 autem
755 468 833 531 statu

138 546 307 619 ursimus„
331 552 403 606 uirus
425 543 464 606 esl
482 545 601 607 inferior
624 549 751 647 gradus}
778 566 834 612 aur

137 625 296 700 interitsis,
323 643 371 686 aut
394 625 535 686 servitutis
554 649 561 686 ε
582 649 643 709 quo
667 650 704 689 ne
728 631 831 691 truda-

138 727 225 781 mur,
244 706 283 766 dii
297 707 476 766 immortales
488 728 542 766 nos
555 709 713 769 admonent
728 754 737 781 ‚
752 731 833 791 quo-

137 789 217 846 niam
233 784 410 869 jampridem
429 787 555 846 humana
572 789 689 848 consilia
707 790 826 851 cecide-

138 878 216 927 run't.
237 867 339 948 Atque
357 887 415 948 ego
432 867 507 926 hanc
526 871 708 942 orationem,
728 868 829 932 Patres'

139 946 316 1026 conscripti,
335 964 404 1013 tam<
412 946 542 1020 tristem,
561 966 620 1007 ram
635 960 753 1029 gravem
765 973 831 1012 non

138 1026 338 1108 suscepissem,
352 1049 433 1101 non,
451 1031 589 1108 inquam,
606 1032 658 1088 nisi
674 1031 746 1088 hauc
761 1050 828 1110 per·

139 1107 262 1182 sonam,
284 1108 318 1168 ἃ
339 1108 391 1166 has
414 1126 531 1189 partes,
549 1109 707 1167 honoribus
725 1110 830 1191 populi

140 1187 288 1262 Romani,
303 1186 404 1248 vestris
421 1188 550 1268 plurimis
564 1191 741 1248 ornamentis
757 1190 830 1251 mihi

138 1269 272 1341 tributis,
296 1268 459 1340 deberem,
479 1268 511 1327 &
530 1267 642 1348 possem
663 1266 797 1328 sustinere
815 1293 830 1332 .·

139 1347 188 1409 sed
204 1366 304 1409 tamen
322 1348 404 1407 facilc
419 1349 580 1408 tacentibus
599 1350 725 1421 ceteris,
751 1350 829 1408 reti*

139 1426 255 1489 cuiffem
274 1451 281 1488 :
301 1428 350 1488 sed
371 1430 431 1488 haec
454 1430 549 1488 oratio
573 1432 667 1489 omnis
686 1428 740 1487 fuit
761 1448 827 1489 non

139 1509 315 1570 audomaris
328 1526 430 1581 ·meae·‚
447 1508 497 1585 sed
512 1509 634 1590 publicae
651 1509 702 1569 reli
724 1511 798 1568 'o'nis
815 1528 828 1569 τ

135 1611 201 1650 mea
216 1589 333 1650 suerunt
350 1589 444 1650 verba·
456 1587 689 1670 foraneorum
703 1529 827 1650 senten·

137 1671 181 1730 tiae
208 1669 328 1751 quidem
349 1689 451 1729 omnes
472 1669 655 1750 aruspicum:
685 1668 722 1728 ad
742 1691 823 1750 quos

136 1767 182 1809 aut
195 1750 298 1811 referri
315 1752 442 1810 nuntiata
458 1747 569 1809 ostenta
582 1771 642 1810 non
661 1752 822 1823 convenit,

136 1847 183 1970 aar
203 1851 309 1892 eorum
333 1829 476 1913 responsis
501 1832 684 1892 commoveri
703 1827 819 1892 necess'e

136 1930 151 1970 e
176 1955 185 1970 ,
207 1936 210 1941 ’
583 1950 587 1960 .

174 1991 225 2052 6a.
246 1989 341 2070 Quod
363 1986 389 2050 'si
410 2007 507 2052 cetera
530 1994 623 2072 magis
647 1990 819 2071 pervulgata

134 2092 188 2131 nos
201 2069 297 2151 saepe,
316 2072 347 2132 &
364 2072 476 2131 leviora
492 2086 668 2142 moverunt3
686 2091 746 2131 vox
759 2069 821 2151 ipsa

136 2153 258 2212 deorum
270 2148 476 2227 immortalium
489 2173 550 2211 non
563 2168 674 2211 mentes
686 2153 817 2212 omnium

133 2230 341 2312 permovebit?
363 2233 455 2295 nolite
473 2234 552 2292 enlm
570 2230 601 2291 id
618 2249 718 2312 putare
740 2233 817 2292 acci-

135 2313 206 2373 dere
227 2311 329 2392 posse‚
374 2312 435 2375 uod
453 2312 483 2372 in
498 2312 601 2373 sabulis
618 2311 691 2393 saepe
708 2313 815 2373 videtis

134 2391 219 2463 fieri,
244 2410 276 2452 ut
306 2333 501 2479 deull,;cliquls
524 2392 654 2473 delapsus
674 2412 690 2453 e
714 2393 818 2462 coelo,

135 2491 225 2532 coetus
236 2473 396 2541 hominurn,
404 2468 509 2546 adeat,
526 2473 654 2535 versetur
666 2474 696 2529 in
709 2473 792 2531 terris
804 2511 816 2540 ,

133 2574 199 2612 cum
215 2554 379 2612 hominibus
397 2552 598 2634 colloquatur:
614 2555 740 2632 cogitate
759 2567 817 2629 ge·

133 2654 183 2692 nus
202 2632 313 2693 sonittis⁴
331 2631 418 2711 ejus,
439 2653 526 2714 quem
546 2630 722 2691 Latinienses
739 2648 816 2687 nun·

132 2716 235 2773 darunt
258 2714 480 2774 :recordamini
499 2712 569 2772 illud
597 2714 710 2781 etiam,
732 2707 817 2790 quod

134 2795 260 2853 nondum
284 2792 325 2854 est
347 2794 497 2863 relatum,
523 2791 603 2872 quod
624 2790 729 2850 eodem
750 2789 814 2849 fere

133 2891 266 2956 tempore
285 2873 376 2933 sacius
398 2878 428 2934 in
448 2893 518 2953 agro
541 2871 647 2932 Piceno
670 2869 812 2933 Potentia
