2117 3942
161 353 183 422 8
345 352 570 420 Ouarro
607 349 637 419 Ι.

137 465 140 468 ’
158 481 196 524 tae
207 465 332 526 tenebris
342 488 375 526 ac
385 465 533 537 sordibus,
546 487 656 528 nornen
666 463 758 545 ipsum
769 485 841 525 corr

89 573 98 590 ·
156 545 281 620 furatus,
295 545 478 627 splendorem
490 547 565 606 illius
576 547 696 606 honoris
708 591 717 619 ,
727 548 840 626 magni-

158 625 289 686 tudinem
303 631 376 688 tanti
390 629 504 708 imperii
517 647 573 688 nec
587 629 680 699 tueri,
693 646 747 686 nec
760 624 840 684 sulli-

159 725 229 766 nere
241 750 252 779 ,
265 727 319 766 nec
337 728 441 789 capere
458 724 614 787 potuerunt
629 727 638 780 ;
655 726 715 765 uon
735 704 840 766 consu-

159 786 220 860 les,
232 786 282 847 sed
291 807 469 861 mercatores
479 790 694 869 provinciarum
703 832 713 860 ‚
722 808 756 846 ac
767 806 841 846 ven·

159 865 269 927 ditores
285 866 391 936 vestraev
403 868 548 950 dignitatis
566 890 574 928 a
593 888 717 949 quorum
734 867 807 926 alter
824 888 841 925 a

159 967 210 1007 me
223 945 395 1023 Catilinam,
407 965 567 1019 amatorem
578 947 676 1021 suum,
686 948 782 1006 multis
793 967 842 1005 au·

158 1027 326 1102 dientibus;
339 1031 410 1090 alter
424 1026 590 1111 Cethegum
601 1072 611 1103 ,
621 1026 841 1100 consobrinum,

154 1108 347 1190 reposcebatr
361 1112 411 1191 qui
424 1129 473 1170 me
487 1109 546 1170 duo
556 1109 764 1170 sceleratissimi
776 1105 842 1188 post

158 1189 314 1250 hominum
331 1192 528 1263 memoriam,
548 1212 609 1251 non
625 1188 776 1261 consules,
792 1186 842 1247 sed

158 1267 306 1344 latrones,
316 1292 377 1332 non
391 1271 483 1332 modi>
500 1269 684 1330 deseruerunt
696 1314 705 1342 ,
716 1271 745 1328 in
762 1267 843 1327 causa

160 1349 316 1430 praesertim
329 1351 444 1432 publica
458 1350 490 1410 &
501 1350 660 1421 consulari,
677 1349 725 1409 sed
741 1349 845 1428 prodi·

160 1430 289 1504 derunt,
309 1447 535 1513 oppugnarunt,
556 1434 636 1489 omni
657 1428 762 1488 auxilio
782 1449 843 1488 non

161 1509 255 1571 solum
271 1510 343 1584 suo,
360 1510 411 1572 sed
428 1512 515 1570 etiam
532 1508 648 1581 vestro,
663 1528 845 1568 ceterorum·

159 1610 218 1670 que
241 1591 397 1666 ordinum,
418 1590 571 1672 spoliatum
591 1588 647 1650 elle
666 1590 842 1649 voluerunt:

159 1691 285 1751 quorum
312 1673 384 1731 alter
407 1687 505 1731 tamen
526 1691 622 1752 neque
649 1675 724 1740 me,
746 1688 844 1750 neque

160 1771 337 1832 quemquam
354 1749 467 1812 fefellit.

202 1829 244 1890 V.
260 1831 337 1911 Quis
354 1834 438 1892 enim
456 1831 544 1891 ullam
569 1830 652 1889 ullius
673 1831 745 1889 boni
762 1828 844 1909 spem

157 1910 281 1972 haberet
295 1913 323 1971 in
337 1933 373 1973 eo
386 1958 396 1986 ,
411 1908 491 1991 eujus
507 1913 632 1992 primum
647 1927 761 1990 tempus
774 1926 845 1968 aeta·

160 1994 198 2052 tis
219 1993 314 2073 palam
333 1992 426 2054 fuillet
445 1995 483 2053 ad
502 1995 632 2054 omniurn
651 1990 782 2049 libidines
800 1989 846 2049 di·

158 2072 334 2153 vulgarum?
356 2076 405 2152 qui
427 2094 503 2134 nea
530 2071 700 2132 sanfflssima
725 2069 843 2149 quidem

157 2168 241 2233 parte
252 2156 383 2232 corporis
394 2151 529 2233 potuisset
540 2153 690 2211 hominum
700 2152 844 2230 impuram

157 2233 411 2312 intemperantiam
434 2231 625 2314 propulsare?
651 2232 728 2311 qui,
754 2252 845 2311 quum

155 2309 236 2372 suam
249 2333 311 2373 rem
323 2335 383 2373 non
397 2316 490 2373 minus
502 2311 613 2373 strenue
623 2357 633 2386 ,
642 2310 728 2392 quim
740 2309 844 2391 postea

158 2394 306 2474 publicam
326 2392 512 2467 confeciller,
531 2390 687 2474 egestatem
707 2391 738 2450 &
758 2391 845 2450 lurtu-

157 2475 231 2552 riam
250 2472 410 2535 domestico
430 2475 575 2535 lenocinio
592 2471 778 2532 sustentavit?
794 2472 845 2552 qui

159 2555 213 2613 nisi
228 2559 257 2615 in
275 2576 355 2615 aram
369 2552 527 2614 tribunatirs
543 2551 712 2635 confugiffet
723 2596 734 2625 ,
747 2571 843 2632 neque

157 2635 219 2692 vim
238 2638 389 2716 praetoris,
406 2655 461 2696 nec
480 2635 692 2710 multitudinem
712 2631 846 2706 creditor

159 2731 247 2786 tum,
268 2736 323 2776 nec
343 2717 490 2777 bonorum
508 2713 615 2797 proscri
638 2717 750 2774 tionem
769 2709 845 2772 effu-

158 2811 230 2872 gere
241 2795 395 2876 potuisset?
409 2797 482 2877 Quo
493 2799 522 2856 in
534 2737 697 2878 magillratu
708 2838 718 2866 ,
730 2793 785 2851 nisi
794 2814 845 2851 ro-

159 2875 309 2954 gationem
320 2876 357 2939 de
369 2879 490 2958 piratico
499 2878 580 2941 bello
592 2873 695 2953 tuliffet
703 2872 845 2954 ,profecq
