2117 3942
272 363 369 460 408·
503 358 577 430 Ort
590 377 617 430 A
634 377 689 430 rr
705 378 733 430 o

274 477 346 540 nosa
362 476 526 538 meretricio
541 496 624 537 more
641 476 779 546 viveret;
795 471 960 538 adulterum

268 572 294 619 'e
315 581 334 618 o
352 577 507 639 putarem,
524 561 547 618 si
565 560 626 639 quis
643 557 717 616 hanc
736 555 825 637 paulb
844 556 958 618 liberiits

269 580 437 699 salutasset?
771 646 773 653 '

268 740 273 751 ·
316 717 436 780 xvll.
458 716 549 778 Dicet
571 716 691 797 aliquis,
714 713 788 774 Haec
808 717 896 798 igitur
916 717 956 779 est

274 813 324 858 rua
345 798 518 878 disciplina?
540 800 579 857 sic
598 817 629 856 tu
649 794 768 854 instituis
785 797 956 860 adolescen-

275 879 341 938 tes?
355 880 394 938 ob
407 880 480 937 hanc
495 878 605 938 causam
619 878 671 936 tibi
682 877 756 934 hunc
770 897 894 957 puerum
906 901 956 960 pa·

268 979 340 1018 rens
351 960 587 1030 commendavit,
599 959 630 1016 ὃ(
642 957 777 1028 tradidit,
791 976 824 1017 ut
833 961 863 1017 in
874 981 955 1020 arno·

271 1059 308 1098 re
321 1040 351 1097 &
365 1038 562 1119 voluptatibus
573 1035 797 1098 adolescentiam
808 1037 888 1099 suain
900 1041 955 1100 col-

273 1119 383 1179 locaret
395 1141 403 1192 ;
421 1121 452 1177 &
466 1119 539 1179 hanc
552 1137 583 1179 tu
598 1120 687 1177 vitam
700 1163 709 1190 ,
723 1135 810 1198 atque
822 1119 882 1178 brec
895 1119 954 1180 slu-

266 1199 323 1258 ‘dia
345 1199 516 1259 defenderes
536 1199 547 1258 ἓ
570 1198 656 1279 Ego,
677 1199 789 1276 siqui,
815 1196 951 1275 ludices,

266 1279 328 1339 hoc
347 1282 455 1339 robore
474 1282 579 1350 animi,
598 1296 684 1356 atque
703 1277 758 1337 hac
774 1276 874 1352 indole
894 1283 952 1340 vit·

269 1362 339 1419 tutis
356 1381 388 1418 ac
403 1361 588 1418 continentiae
601 1357 653 1416 suit
664 1403 674 1430 ,
686 1374 717 1416 ut
732 1357 879 1438 respueret
891 1381 952 1422 orn·

270 1459 323 1498 nes
338 1439 524 1518 voluptates,
540 1457 719 1519 omnemque
731 1441 800 1497 vitae
816 1438 871 1499 suae
887 1462 952 1501 cur·

269 1517 331 1577 sum
349 1520 378 1576 in
392 1519 497 1579 ‘labore
522 1520 653 1598 corporis
670 1563 679 1591 ,
699 1534 785 1599 atque
809 1521 840 1578 in
866 1524 952 1582 animi

264 1601 461 1659 contentione
477 1597 636 1660 conficeret
647 1619 654 1657 τ
667 1618 756 1678 quem
772 1620 834 1659 non
851 1605 950 1682 quies,

268 1699 331 1737 non
350 1682 500 1753 remissio,
514 1701 575 1739 non
591 1680 741 1760 aequalium
760 1677 871 1755 studia,
892 1704 950 1743 non

267 1759 350 1832 ludi,
370 1781 430 1819 non
451 1762 587 1821 convivia
609 1760 810 1821 deletlarent:
833 1761 904 1822 nihil
921 1766 949 1822 in

267 1841 330 1902 vita
349 1839 545 1920 expetendum
561 1857 694 1921 putaret,
713 1842 766 1900 nisi
782 1841 865 1931 quod
882 1841 948 1905 esset

268 1941 334 1980 cunt
353 1921 436 1981 laude
452 1922 483 1981 ὃ(
503 1942 569 1981 cunr
583 1922 720 2002 dignitate
740 1921 944 1998 conlundum:

265 2001 345 2060 bunc
364 2003 429 2062 med
446 2001 586 2062 sententist
598 2002 700 2062 divinis
713 2001 883 2082 quibusdam
895 2005 946 2065 bo·

266 2084 311 2140 nis
330 2081 515 2155 instructum,
539 2101 624 2162 atque
640 2099 776 2143 ornatum
795 2101 880 2163 puto.
904 2083 945 2144 Ex

266 2159 325 2219 hoc
369 2182 456 2222 enere
473 2163 538 2222 illos
562 2160 642 2222 fuisse
664 2161 813 2236 arbitror,
836 2161 945 2225 Camil-

266 2237 333 2311 los,
348 2182 522 2314 labricios,
539 2240 644 2302 Curios
662 2286 672 2315 ,
692 2240 850 2321 omnesque
871 2264 942 2319 eos,

267 2321 317 2400 qui
336 2319 398 2378 haec
417 2341 452 2380 ex
469 2323 594 2380 minimis
611 2338 689 2381 tanta
703 2321 845 2383 fecerunt.

307 2417 356 2472 40.
379 2400 491 2460 Veritm
516 2402 577 2461 haec
594 2421 701 2481 genera
721 2404 863 2462 virtutum
884 2421 939 2462 non
982 2434 987 2495 3

259 2478 356 2539 solitrn
373 2481 403 2538 in
422 2482 552 2541 moribus
570 2481 692 2554 nostris,
709 2480 759 2557 sed
771 2482 820 2541 vix
833 2480 892 2562 jam
912 2484 937 2540 in
978 2498 987 2553 ξ

262 2560 341 2620 libris
360 2563 540 2642 reperiuntur
557 2583 565 2620 t
587 2562 691 2621 chartae
712 2582 832 2643 quoque
850 2607 859 2636 ,
880 2580 936 2642 que

261 2640 340 2700 illam
360 2640 505 2720 pristinam
523 2641 706 2703 severitatem
729 2643 933 2716 continebant,
972 2704 974 2711 ,

241 2729 244 2735 ’
263 2720 469 2782 obsoleverunt
487 2743 497 2795 ;
523 2742 619 2802 neque
640 2721 732 2782 solitrn
756 2722 836 2802 apud
860 2740 931 2790 nos,
971 2734 976 2741 '

259 2803 310 2892 qni
324 2802 398 2860 hanc
414 2802 518 2862 sedam
535 2806 735 2881 rationemque
749 2805 820 2862 vitae
834 2822 866 2863 re
879 2819 932 2859 rna·

260 2897 323 2959 8¹⁵2
338 2881 425 2962 quarn
441 2883 536 2946 verbis
553 2882 750 2944 securisumus
761 2883 834 2959 ,sed
851 2883 932 3017 etin}
958 2922 962 2929 .

859 2979 909 3042 apu
