<?xml version="1.0" encoding="UTF-8"?>
<!DOCTYPE html PUBLIC "-//W3C//DTD XHTML 1.0 Transitional//EN"
    "http://www.w3.org/TR/xhtml1/DTD/xhtml1-transitional.dtd">
<html xmlns="http://www.w3.org/1999/xhtml" xml:lang="en" lang="en">
 <head>
  <title>
</title>
<meta http-equiv="Content-Type" content="text/html;charset=utf-8" />
  <meta name='ocr-system' content='tesseract 3.04.00' />
  <meta name='ocr-capabilities' content='ocr_page ocr_carea ocr_par ocr_line ocrx_word'/>
</head>
<body>
  <div class='ocr_page' id='page_1' title='image "./mtulliiciceroni06lallgoog_0285.png"; bbox 0 0 2117 3942; ppageno 0'>
   <div class='ocr_carea' id='block_1_1' title="bbox 219 383 852 479">
    <p class='ocr_par' dir='ltr' id='par_1_1' title="bbox 219 383 852 479">
     <span class='ocr_line' id='line_1_1' title="bbox 219 383 852 479; baseline 0.003 -26"><span class='ocrx_word' id='word_1_1' title='bbox 219 383 318 453; x_wconf 71' lang='lat' dir='ltr'>Pro</span> <span class='ocrx_word' id='word_1_2' title='bbox 340 383 377 450; x_wconf 85' lang='lat' dir='ltr'>L.</span> <span class='ocrx_word' id='word_1_3' title='bbox 400 386 547 454; x_wconf 71' lang='lat' dir='ltr'>contr.</span> <span class='ocrx_word' id='word_1_4' title='bbox 570 384 746 456; x_wconf 71' lang='lat' dir='ltr'>Burro.</span> <span class='ocrx_word' id='word_1_5' title='bbox 778 405 852 479; x_wconf 82' lang='lat'>319</span> 
     </span>
    </p>
   </div>
   <div class='ocr_carea' id='block_1_2' title="bbox 165 497 853 2988">
    <p class='ocr_par' dir='ltr' id='par_1_2' title="bbox 165 497 853 1782">
     <span class='ocr_line' id='line_1_2' title="bbox 166 497 852 579; baseline -0.004 -20"><span class='ocrx_word' id='word_1_6' title='bbox 166 499 303 559; x_wconf 73' lang='lat' dir='ltr'>oratione</span> <span class='ocrx_word' id='word_1_7' title='bbox 323 497 391 559; x_wconf 62' lang='lat' dir='ltr'>mei</span> <span class='ocrx_word' id='word_1_8' title='bbox 404 498 534 579; x_wconf 66' lang='lat' dir='ltr'>reliqui:</span> <span class='ocrx_word' id='word_1_9' title='bbox 551 497 601 559; x_wconf 88' lang='lat' dir='ltr'>sed</span> <span class='ocrx_word' id='word_1_10' title='bbox 613 519 689 572; x_wconf 84' lang='lat' dir='ltr'>vos,</span> <span class='ocrx_word' id='word_1_11' title='bbox 710 498 827 560; x_wconf 83' lang='lat' dir='ltr'>ludices</span> <span class='ocrx_word' id='word_1_12' title='bbox 840 543 852 572; x_wconf 95' lang='lat'>,</span> 
     </span>
     <span class='ocr_line' id='line_1_3' title="bbox 166 577 853 661; baseline 0.001 -22"><span class='ocrx_word' id='word_1_13' title='bbox 166 579 269 645; x_wconf 75' lang='lat' dir='ltr'>animis</span> <span class='ocrx_word' id='word_1_14' title='bbox 287 600 320 639; x_wconf 87' lang='lat' dir='ltr'>ac</span> <span class='ocrx_word' id='word_1_15' title='bbox 334 579 476 639; x_wconf 70' lang='lat' dir='ltr'>memorii</span> <span class='ocrx_word' id='word_1_16' title='bbox 491 595 642 640; x_wconf 82' lang='lat' dir='ltr'>tenetote:</span> <span class='ocrx_word' id='word_1_17' title='bbox 657 578 694 640; x_wconf 83' lang='lat' dir='ltr'>de</span> <span class='ocrx_word' id='word_1_18' title='bbox 708 581 791 661; x_wconf 77' lang='lat' dir='ltr'><strong>lege,</strong></span> <span class='ocrx_word' id='word_1_19' title='bbox 812 577 853 640; x_wconf 77' lang='lat' dir='ltr'>de</span> 
     </span>
     <span class='ocr_line' id='line_1_4' title="bbox 165 657 851 740; baseline 0.001 -21"><span class='ocrx_word' id='word_1_20' title='bbox 165 657 301 731; x_wconf 63' lang='lat' dir='ltr'>federe,</span> <span class='ocrx_word' id='word_1_21' title='bbox 320 657 357 719; x_wconf 83' lang='lat' dir='ltr'>de</span> <span class='ocrx_word' id='word_1_22' title='bbox 377 659 540 740; x_wconf 82' lang='lat' dir='ltr'>exemplis,</span> <span class='ocrx_word' id='word_1_23' title='bbox 561 658 598 719; x_wconf 86' lang='lat' dir='ltr'>de</span> <span class='ocrx_word' id='word_1_24' title='bbox 614 678 754 739; x_wconf 80' lang='lat' dir='ltr'>perpetua</span> <span class='ocrx_word' id='word_1_25' title='bbox 771 680 851 720; x_wconf 87' lang='lat' dir='ltr'>con-</span> 
     </span>
     <span class='ocr_line' id='line_1_5' title="bbox 165 732 850 813; baseline 0.001 -14"><span class='ocrx_word' id='word_1_26' title='bbox 165 732 318 801; x_wconf 76' lang='lat' dir='ltr'>suetudine</span> <span class='ocrx_word' id='word_1_27' title='bbox 339 740 464 799; x_wconf 76' lang='lat' dir='ltr'>civitatis</span> <span class='ocrx_word' id='word_1_28' title='bbox 487 737 591 799; x_wconf 83' lang='lat' dir='ltr'>nostrae</span> <span class='ocrx_word' id='word_1_29' title='bbox 615 740 767 800; x_wconf 82' lang='lat' dir='ltr'>renovabo</span> <span class='ocrx_word' id='word_1_30' title='bbox 788 760 850 813; x_wconf 81' lang='lat' dir='ltr'>ea,</span> 
     </span>
     <span class='ocr_line' id='line_1_6' title="bbox 165 816 853 900; baseline 0 -22"><span class='ocrx_word' id='word_1_31' title='bbox 165 838 230 900; x_wconf 70' lang='lat' dir='ltr'>qua</span> <span class='ocrx_word' id='word_1_32' title='bbox 248 816 324 879; x_wconf 60' lang='lat' dir='ltr'>dista</span> <span class='ocrx_word' id='word_1_33' title='bbox 336 817 421 878; x_wconf 86' lang='lat' dir='ltr'>sunt:</span> <span class='ocrx_word' id='word_1_34' title='bbox 440 817 509 877; x_wconf 84' lang='lat' dir='ltr'>nihil</span> <span class='ocrx_word' id='word_1_35' title='bbox 526 820 603 878; x_wconf 84' lang='lat' dir='ltr'>enim</span> <span class='ocrx_word' id='word_1_36' title='bbox 613 818 683 877; x_wconf 87' lang='lat' dir='ltr'>mihi</span> <span class='ocrx_word' id='word_1_37' title='bbox 699 822 788 890; x_wconf 82' lang='lat' dir='ltr'>novi,</span> <span class='ocrx_word' id='word_1_38' title='bbox 807 820 853 879; x_wconf 89' lang='lat' dir='ltr'>ni·</span> 
     </span>
     <span class='ocr_line' id='line_1_7' title="bbox 165 895 851 980; baseline 0.001 -21"><span class='ocrx_word' id='word_1_39' title='bbox 165 898 204 959; x_wconf 82' lang='lat' dir='ltr'>hil</span> <span class='ocrx_word' id='word_1_40' title='bbox 223 898 350 980; x_wconf 77' lang='lat' dir='ltr'>integri,</span> <span class='ocrx_word' id='word_1_41' title='bbox 367 919 405 958; x_wconf 86' lang='lat' dir='ltr'>ne</span> <span class='ocrx_word' id='word_1_42' title='bbox 427 918 463 959; x_wconf 84' lang='lat' dir='ltr'>ue</span> <span class='ocrx_word' id='word_1_43' title='bbox 483 896 528 957; x_wconf 90' lang='lat' dir='ltr'>M.</span> <span class='ocrx_word' id='word_1_44' title='bbox 545 895 676 970; x_wconf 80' lang='lat' dir='ltr'>Craffus,</span> <span class='ocrx_word' id='word_1_45' title='bbox 712 900 741 957; x_wconf 90' lang='lat' dir='ltr'>ui</span> <span class='ocrx_word' id='word_1_46' title='bbox 756 917 851 961; x_wconf 78' lang='lat' dir='ltr'>rotam</span> 
     </span>
     <span class='ocr_line' id='line_1_8' title="bbox 165 919 851 1058; baseline -0.001 -19"><span class='ocrx_word' id='word_1_47' title='bbox 165 976 279 1039; x_wconf 71' lang='lat' dir='ltr'>causan</span> <span class='ocrx_word' id='word_1_48' title='bbox 293 979 326 1038; x_wconf 75' lang='grc' dir='ltr'>δι</span> <span class='ocrx_word' id='word_1_49' title='bbox 358 1000 392 1038; x_wconf 88' lang='lat' dir='ltr'>ro</span> <span class='ocrx_word' id='word_1_50' title='bbox 406 919 542 1038; x_wconf 51' lang='lat' dir='ltr'>incultam</span> <span class='ocrx_word' id='word_1_51' title='bbox 558 979 661 1058; x_wconf 83' lang='lat' dir='ltr'>&amp;pro</span> <span class='ocrx_word' id='word_1_52' title='bbox 716 977 851 1038; x_wconf 77' lang='lat' dir='ltr'>esuadi-</span> 
     </span>
     <span class='ocr_line' id='line_1_9' title="bbox 165 1000 850 1143; baseline 0.006 -25"><span class='ocrx_word' id='word_1_53' title='bbox 165 1000 458 1141; x_wconf 58' lang='lat' dir='ltr'>1igentissimgv0bis</span> <span class='ocrx_word' id='word_1_54' title='bbox 476 1059 653 1143; x_wconf 75' lang='lat' dir='ltr'>explicavit,</span> <span class='ocrx_word' id='word_1_55' title='bbox 671 1077 766 1138; x_wconf 77' lang='lat' dir='ltr'>neque</span> <span class='ocrx_word' id='word_1_56' title='bbox 789 1057 850 1122; x_wconf 86' lang='lat' dir='ltr'>Cn.</span> 
     </span>
     <span class='ocr_line' id='line_1_10' title="bbox 166 1135 851 1219; baseline 0 -20"><span class='ocrx_word' id='word_1_57' title='bbox 166 1136 355 1219; x_wconf 75' lang='lat' dir='ltr'>Pompeius,</span> <span class='ocrx_word' id='word_1_58' title='bbox 382 1135 462 1217; x_wconf 79' lang='lat' dir='ltr'><strong>cujus</strong></span> <span class='ocrx_word' id='word_1_59' title='bbox 485 1139 579 1198; x_wconf 83' lang='lat' dir='ltr'>oratio</span> <span class='ocrx_word' id='word_1_60' title='bbox 603 1139 737 1198; x_wconf 80' lang='lat' dir='ltr'>omnibns</span> <span class='ocrx_word' id='word_1_61' title='bbox 760 1159 851 1199; x_wconf 80' lang='lat' dir='ltr'>orna-</span> 
     </span>
     <span class='ocr_line' id='line_1_11' title="bbox 165 1217 850 1301; baseline 0.003 -22"><span class='ocrx_word' id='word_1_62' title='bbox 165 1221 270 1281; x_wconf 72' lang='lat' dir='ltr'>monris</span> <span class='ocrx_word' id='word_1_63' title='bbox 290 1217 468 1292; x_wconf 79' lang='lat' dir='ltr'>abundavit,</span> <span class='ocrx_word' id='word_1_64' title='bbox 491 1219 529 1279; x_wconf 83' lang='lat' dir='ltr'>ad</span> <span class='ocrx_word' id='word_1_65' title='bbox 552 1219 707 1279; x_wconf 78' lang='lat' dir='ltr'>dicendum</span> <span class='ocrx_word' id='word_1_66' title='bbox 728 1219 850 1301; x_wconf 75' lang='lat' dir='ltr'>reliquit.</span> 
     </span>
     <span class='ocr_line' id='line_1_12' title="bbox 165 1296 852 1381; baseline -0.003 -20"><span class='ocrx_word' id='word_1_67' title='bbox 165 1296 223 1361; x_wconf 71' lang='lat' dir='ltr'>Sed</span> <span class='ocrx_word' id='word_1_68' title='bbox 233 1342 244 1372; x_wconf 93' lang='lat'>‚</span> <span class='ocrx_word' id='word_1_69' title='bbox 255 1300 413 1381; x_wconf 80' lang='lat' dir='ltr'>quoniam,</span> <span class='ocrx_word' id='word_1_70' title='bbox 426 1318 475 1361; x_wconf 82' lang='lat' dir='ltr'>me</span> <span class='ocrx_word' id='word_1_71' title='bbox 491 1298 657 1375; x_wconf 81' lang='lat' dir='ltr'>recusante,</span> <span class='ocrx_word' id='word_1_72' title='bbox 668 1299 776 1379; x_wconf 76' lang='lat' dir='ltr'>placuit</span> <span class='ocrx_word' id='word_1_73' title='bbox 787 1320 852 1359; x_wconf 80' lang='lat' dir='ltr'>am·</span> 
     </span>
     <span class='ocr_line' id='line_1_13' title="bbox 165 1378 851 1462; baseline 0.001 -23"><span class='ocrx_word' id='word_1_74' title='bbox 165 1378 259 1441; x_wconf 77' lang='lat' dir='ltr'>bobus</span> <span class='ocrx_word' id='word_1_75' title='bbox 285 1378 415 1440; x_wconf 85' lang='lat' dir='ltr'>adhiberi</span> <span class='ocrx_word' id='word_1_76' title='bbox 438 1380 513 1440; x_wconf 87' lang='lat' dir='ltr'>hunc</span> <span class='ocrx_word' id='word_1_77' title='bbox 533 1401 550 1440; x_wconf 83' lang='lat' dir='ltr'>a</span> <span class='ocrx_word' id='word_1_78' title='bbox 568 1400 617 1441; x_wconf 86' lang='lat' dir='ltr'>me</span> <span class='ocrx_word' id='word_1_79' title='bbox 637 1381 717 1462; x_wconf 82' lang='lat' dir='ltr'>quasi</span> <span class='ocrx_word' id='word_1_80' title='bbox 737 1400 776 1461; x_wconf 87' lang='lat' dir='ltr'>pe</span> <span class='ocrx_word' id='word_1_81' title='bbox 811 1401 851 1440; x_wconf 88' lang='lat' dir='ltr'>o·</span> 
     </span>
     <span class='ocr_line' id='line_1_14' title="bbox 165 1402 850 1541; baseline 0.003 -21"><span class='ocrx_word' id='word_1_82' title='bbox 165 1458 255 1520; x_wconf 79' lang='lat' dir='ltr'>liendi</span> <span class='ocrx_word' id='word_1_83' title='bbox 278 1461 434 1541; x_wconf 84' lang='lat' dir='ltr'><strong>quemdam</strong></span> <span class='ocrx_word' id='word_1_84' title='bbox 457 1464 554 1541; x_wconf 81' lang='lat' dir='ltr'>operis</span> <span class='ocrx_word' id='word_1_85' title='bbox 577 1478 739 1522; x_wconf 77' lang='lat' dir='ltr'>extremum</span> <span class='ocrx_word' id='word_1_86' title='bbox 762 1402 850 1522; x_wconf 57' lang='lat' dir='ltr'>lffio.</span> 
     </span>
     <span class='ocr_line' id='line_1_15' title="bbox 165 1540 846 1620; baseline 0.003 -20"><span class='ocrx_word' id='word_1_87' title='bbox 165 1560 249 1615; x_wconf 51' lang='lat' dir='ltr'>maj</span> <span class='ocrx_word' id='word_1_88' title='bbox 264 1557 337 1620; x_wconf 87' lang='lat' dir='ltr'>pero</span> <span class='ocrx_word' id='word_1_89' title='bbox 356 1560 373 1599; x_wconf 79' lang='lat' dir='ltr'>a</span> <span class='ocrx_word' id='word_1_90' title='bbox 390 1541 496 1614; x_wconf 78' lang='lat' dir='ltr'>vohis,</span> <span class='ocrx_word' id='word_1_91' title='bbox 512 1559 545 1601; x_wconf 89' lang='lat' dir='ltr'>ut</span> <span class='ocrx_word' id='word_1_92' title='bbox 558 1540 608 1603; x_wconf 73' lang='lat' dir='ltr'>me&#39;</span> <span class='ocrx_word' id='word_1_93' title='bbox 624 1540 710 1603; x_wconf 86' lang='lat' dir='ltr'>officii</span> <span class='ocrx_word' id='word_1_94' title='bbox 750 1544 846 1618; x_wconf 69' lang='lat' dir='ltr'>orins,</span> 
     </span>
     <span class='ocr_line' id='line_1_16' title="bbox 166 1619 850 1704; baseline 0.009 -26"><span class='ocrx_word' id='word_1_95' title='bbox 166 1619 251 1701; x_wconf 70' lang='lat' dir='ltr'>quim</span> <span class='ocrx_word' id='word_1_96' title='bbox 265 1620 381 1681; x_wconf 83' lang='lat' dir='ltr'>dicendi</span> <span class='ocrx_word' id='word_1_97' title='bbox 398 1619 510 1694; x_wconf 83' lang='lat' dir='ltr'>studio,</span> <span class='ocrx_word' id='word_1_98' title='bbox 526 1622 600 1682; x_wconf 85' lang='lat' dir='ltr'>hanc</span> <span class='ocrx_word' id='word_1_99' title='bbox 614 1621 718 1703; x_wconf 80' lang='lat' dir='ltr'>suscep‘</span> <span class='ocrx_word' id='word_1_100' title='bbox 743 1643 759 1683; x_wconf 88' lang='lat' dir='ltr'>e</span> <span class='ocrx_word' id='word_1_101' title='bbox 774 1643 850 1704; x_wconf 87' lang='lat' dir='ltr'><strong>ope·</strong></span> 
     </span>
     <span class='ocr_line' id='line_1_17' title="bbox 166 1703 532 1782; baseline -0.003 -19"><span class='ocrx_word' id='word_1_102' title='bbox 166 1720 226 1763; x_wconf 76' lang='lat' dir='ltr'>ram</span> <span class='ocrx_word' id='word_1_103' title='bbox 239 1721 275 1760; x_wconf 75' lang='lat' dir='ltr'>ac</span> <span class='ocrx_word' id='word_1_104' title='bbox 295 1721 400 1760; x_wconf 80' lang='lat' dir='ltr'>munus</span> <span class='ocrx_word' id='word_1_105' title='bbox 415 1703 532 1782; x_wconf 84' lang='lat' dir='ltr'>puteris.</span> 
     </span>
    </p>

    <p class='ocr_par' dir='ltr' id='par_1_3' title="bbox 166 1779 849 2665">
     <span class='ocr_line' id='line_1_18' title="bbox 206 1779 849 1863; baseline 0.005 -24"><span class='ocrx_word' id='word_1_106' title='bbox 206 1779 254 1841; x_wconf 79' lang='lat'>18.</span> <span class='ocrx_word' id='word_1_107' title='bbox 271 1780 318 1840; x_wconf 81' lang='lat' dir='ltr'>Ac</span> <span class='ocrx_word' id='word_1_108' title='bbox 331 1783 408 1861; x_wconf 71' lang='lat' dir='ltr'>priis</span> <span class='ocrx_word' id='word_1_109' title='bbox 421 1781 534 1862; x_wconf 71' lang='lat' dir='ltr'>quinia</span> <span class='ocrx_word' id='word_1_110' title='bbox 555 1781 667 1863; x_wconf 83' lang='lat' dir='ltr'>grediar</span> <span class='ocrx_word' id='word_1_111' title='bbox 678 1782 715 1842; x_wconf 85' lang='lat' dir='ltr'>ad</span> <span class='ocrx_word' id='word_1_112' title='bbox 726 1779 770 1860; x_wconf 85' lang='lat' dir='ltr'>jus</span> <span class='ocrx_word' id='word_1_113' title='bbox 784 1803 849 1859; x_wconf 81' lang='lat' dir='ltr'>can·</span> 
     </span>
     <span class='ocr_line' id='line_1_19' title="bbox 167 1803 849 2002; baseline 0.003 -82"><span class='ocrx_word' id='word_1_114' title='bbox 167 1858 284 2002; x_wconf 52' lang='lat' dir='ltr'>srmgue</span> <span class='ocrx_word' id='word_1_115' title='bbox 307 1860 439 1922; x_wconf 86' lang='lat' dir='ltr'>Cornelii</span> <span class='ocrx_word' id='word_1_116' title='bbox 457 1907 466 1935; x_wconf 90' lang='lat'><strong><em>,</em></strong></span> <span class='ocrx_word' id='word_1_117' title='bbox 484 1803 622 1945; x_wconf 50' lang='lat' dir='ltr'>quiidam</span> <span class='ocrx_word' id='word_1_118' title='bbox 642 1861 679 1922; x_wconf 82' lang='lat' dir='ltr'>de</span> <span class='ocrx_word' id='word_1_119' title='bbox 700 1866 849 1922; x_wconf 86' lang='lat' dir='ltr'>communi</span> 
     </span>
     <span class='ocr_line' id='line_1_20' title="bbox 166 1941 849 2022; baseline -0.001 -20"><span class='ocrx_word' id='word_1_120' title='bbox 166 1956 220 2002; x_wconf 72' lang='lat' dir='ltr'>con</span> <span class='ocrx_word' id='word_1_121' title='bbox 243 1942 337 2004; x_wconf 70' lang='lat' dir='ltr'>itione</span> <span class='ocrx_word' id='word_1_122' title='bbox 353 1945 483 2002; x_wconf 87' lang='lat' dir='ltr'>omnium</span> <span class='ocrx_word' id='word_1_123' title='bbox 495 1941 643 2014; x_wconf 77' lang='lat' dir='ltr'>nostrssm‚</span> <span class='ocrx_word' id='word_1_124' title='bbox 658 1943 849 2022; x_wconf 72' lang='lat' dir='ltr'>deprecanda</span> 
     </span>
     <span class='ocr_line' id='line_1_21' title="bbox 166 2023 848 2097; baseline 0 -14"><span class='ocrx_word' id='word_1_125' title='bbox 166 2023 378 2084; x_wconf 77' lang='lat' dir='ltr'>malevolenriae</span> <span class='ocrx_word' id='word_1_126' title='bbox 398 2023 504 2097; x_wconf 64' lang='lat' dir='ltr'>causi,</span> <span class='ocrx_word' id='word_1_127' title='bbox 520 2024 648 2083; x_wconf 87' lang='lat' dir='ltr'>breviter</span> <span class='ocrx_word' id='word_1_128' title='bbox 663 2044 848 2083; x_wconf 84' lang='lat' dir='ltr'><strong>commemo·</strong></span> 
     </span>
     <span class='ocr_line' id='line_1_22' title="bbox 166 2102 845 2185; baseline 0.004 -22"><span class='ocrx_word' id='word_1_129' title='bbox 166 2104 285 2163; x_wconf 82' lang='lat' dir='ltr'>randum</span> <span class='ocrx_word' id='word_1_130' title='bbox 312 2104 435 2165; x_wconf 83' lang='lat' dir='ltr'>videtur.</span> <span class='ocrx_word' id='word_1_131' title='bbox 460 2102 489 2162; x_wconf 90' lang='lat' dir='ltr'>Si</span> <span class='ocrx_word' id='word_1_132' title='bbox 513 2150 523 2178; x_wconf 89' lang='lat'><strong>,</strong></span> <span class='ocrx_word' id='word_1_133' title='bbox 550 2125 609 2184; x_wconf 92' lang='lat' dir='ltr'>quo</span> <span class='ocrx_word' id='word_1_134' title='bbox 634 2102 751 2185; x_wconf 86' lang='lat' dir='ltr'>quisque</span> <span class='ocrx_word' id='word_1_135' title='bbox 776 2104 845 2166; x_wconf 91' lang='lat' dir='ltr'>loco</span> 
     </span>
     <span class='ocr_line' id='line_1_23' title="bbox 166 2182 843 2258; baseline 0.004 -15"><span class='ocrx_word' id='word_1_136' title='bbox 166 2182 293 2245; x_wconf 69' lang='lat' dir='ltr'>nostrflm</span> <span class='ocrx_word' id='word_1_137' title='bbox 314 2182 379 2257; x_wconf 88' lang='lat' dir='ltr'>est,</span> <span class='ocrx_word' id='word_1_138' title='bbox 400 2183 535 2257; x_wconf 79' lang='lat' dir='ltr'>iudices,</span> <span class='ocrx_word' id='word_1_139' title='bbox 558 2201 662 2258; x_wconf 83' lang='lat' dir='ltr'>natus,</span> <span class='ocrx_word' id='word_1_140' title='bbox 680 2204 747 2258; x_wconf 83' lang='lat' dir='ltr'>aut,</span> <span class='ocrx_word' id='word_1_141' title='bbox 769 2189 791 2245; x_wconf 90' lang='lat' dir='ltr'>si</span> <span class='ocrx_word' id='word_1_142' title='bbox 814 2190 843 2247; x_wconf 87' lang='lat' dir='ltr'>in</span> 
     </span>
     <span class='ocr_line' id='line_1_24' title="bbox 166 2261 845 2345; baseline 0.003 -21"><span class='ocrx_word' id='word_1_143' title='bbox 166 2286 218 2345; x_wconf 83' lang='lat' dir='ltr'>qua</span> <span class='ocrx_word' id='word_1_144' title='bbox 231 2264 349 2324; x_wconf 87' lang='lat' dir='ltr'>fortuna</span> <span class='ocrx_word' id='word_1_145' title='bbox 363 2261 403 2326; x_wconf 87' lang='lat' dir='ltr'>est</span> <span class='ocrx_word' id='word_1_146' title='bbox 418 2263 552 2324; x_wconf 82' lang='lat' dir='ltr'>nascendi</span> <span class='ocrx_word' id='word_1_147' title='bbox 566 2268 646 2325; x_wconf 84' lang='lat' dir='ltr'>initio</span> <span class='ocrx_word' id='word_1_148' title='bbox 660 2264 845 2342; x_wconf 79' lang='lat' dir='ltr'>constitutus,</span> 
     </span>
     <span class='ocr_line' id='line_1_25' title="bbox 167 2343 846 2426; baseline 0.003 -22"><span class='ocrx_word' id='word_1_149' title='bbox 167 2344 237 2405; x_wconf 80' lang='lat' dir='ltr'>hunc</span> <span class='ocrx_word' id='word_1_150' title='bbox 251 2348 319 2405; x_wconf 85' lang='lat' dir='ltr'>vitae</span> <span class='ocrx_word' id='word_1_151' title='bbox 331 2343 434 2404; x_wconf 83' lang='lat' dir='ltr'>statum</span> <span class='ocrx_word' id='word_1_152' title='bbox 449 2344 536 2426; x_wconf 89' lang='lat' dir='ltr'>usque</span> <span class='ocrx_word' id='word_1_153' title='bbox 550 2347 588 2405; x_wconf 86' lang='lat' dir='ltr'>ad</span> <span class='ocrx_word' id='word_1_154' title='bbox 601 2346 775 2408; x_wconf 55' lang='lat' dir='ltr'>seneriutem</span> <span class='ocrx_word' id='word_1_155' title='bbox 789 2348 846 2406; x_wconf 92' lang='lat' dir='ltr'>ob-</span> 
     </span>
     <span class='ocr_line' id='line_1_26' title="bbox 167 2425 847 2564; baseline -0.003 -79"><span class='ocrx_word' id='word_1_156' title='bbox 167 2427 254 2488; x_wconf 78' lang='lat' dir='ltr'>tinere</span> <span class='ocrx_word' id='word_1_157' title='bbox 273 2425 381 2498; x_wconf 86' lang='lat' dir='ltr'>deber,</span> <span class='ocrx_word' id='word_1_158' title='bbox 397 2426 447 2498; x_wconf 89' lang='lat'>&amp;‚</span> <span class='ocrx_word' id='word_1_159' title='bbox 461 2427 483 2484; x_wconf 86' lang='lat' dir='ltr'>si</span> <span class='ocrx_word' id='word_1_160' title='bbox 500 2448 622 2499; x_wconf 83' lang='lat' dir='ltr'>omnes,</span> <span class='ocrx_word' id='word_1_161' title='bbox 638 2448 711 2564; x_wconf 49' lang='lat' dir='ltr'>&lt;huns</span> <span class='ocrx_word' id='word_1_162' title='bbox 729 2443 776 2486; x_wconf 83' lang='lat' dir='ltr'>aut</span> <span class='ocrx_word' id='word_1_163' title='bbox 787 2427 847 2485; x_wconf 85' lang='lat' dir='ltr'>for·</span> 
     </span>
     <span class='ocr_line' id='line_1_27' title="bbox 167 2505 843 2584; baseline -0.004 -20"><span class='ocrx_word' id='word_1_164' title='bbox 167 2521 230 2565; x_wconf 85' lang='lat' dir='ltr'>mna</span> <span class='ocrx_word' id='word_1_165' title='bbox 250 2505 370 2580; x_wconf 84' lang='lat' dir='ltr'>extulit,</span> <span class='ocrx_word' id='word_1_166' title='bbox 388 2521 437 2563; x_wconf 85' lang='lat' dir='ltr'>aut</span> <span class='ocrx_word' id='word_1_167' title='bbox 452 2506 577 2584; x_wconf 88' lang='lat' dir='ltr'>ipsorum</span> <span class='ocrx_word' id='word_1_168' title='bbox 593 2507 641 2564; x_wconf 85' lang='lat' dir='ltr'>illu</span> <span class='ocrx_word' id='word_1_169' title='bbox 668 2510 741 2566; x_wconf 87' lang='lat' dir='ltr'>ravit</span> <span class='ocrx_word' id='word_1_170' title='bbox 759 2505 843 2580; x_wconf 70' lang='lat' dir='ltr'>labpr</span> 
     </span>
     <span class='ocr_line' id='line_1_28' title="bbox 167 2583 842 2665; baseline -0.009 -20"><span class='ocrx_word' id='word_1_171' title='bbox 167 2585 195 2645; x_wconf 66' lang='lat'>81</span> <span class='ocrx_word' id='word_1_172' title='bbox 216 2583 374 2656; x_wconf 84' lang='lat' dir='ltr'>industria,</span> <span class='ocrx_word' id='word_1_173' title='bbox 397 2585 485 2665; x_wconf 65' lang='lat' dir='ltr'>poeni</span> <span class='ocrx_word' id='word_1_174' title='bbox 505 2584 568 2643; x_wconf 89' lang='lat' dir='ltr'>sunt</span> <span class='ocrx_word' id='word_1_175' title='bbox 589 2583 731 2644; x_wconf 83' lang='lat' dir='ltr'>afficiendi</span> <span class='ocrx_word' id='word_1_176' title='bbox 750 2603 760 2652; x_wconf 90' lang='lat'>;</span> <span class='ocrx_word' id='word_1_177' title='bbox 780 2602 842 2640; x_wconf 86' lang='lat' dir='ltr'>non</span> 
     </span>
    </p>

    <p class='ocr_par' dir='ltr' id='par_1_4' title="bbox 167 2662 845 2988">
     <span class='ocr_line' id='line_1_29' title="bbox 211 2662 844 2744; baseline -0.006 -19"><span class='ocrx_word' id='word_1_178' title='bbox 211 2669 279 2726; x_wconf 88' lang='lat' dir='ltr'>vior</span> <span class='ocrx_word' id='word_1_179' title='bbox 303 2664 337 2724; x_wconf 90' lang='lat' dir='ltr'>L.</span> <span class='ocrx_word' id='word_1_180' title='bbox 360 2663 526 2737; x_wconf 86' lang='lat' dir='ltr'>Cornelio,</span> <span class='ocrx_word' id='word_1_181' title='bbox 551 2662 637 2744; x_wconf 73' lang='lat' dir='ltr'>quim</span> <span class='ocrx_word' id='word_1_182' title='bbox 658 2662 753 2722; x_wconf 84' lang='lat' dir='ltr'>multis</span> <span class='ocrx_word' id='word_1_183' title='bbox 776 2663 844 2721; x_wconf 86' lang='lat' dir='ltr'>viris</span> 
     </span>
     <span class='ocr_line' id='line_1_30' title="bbox 167 2685 845 2826; baseline -0.006 -20"><span class='ocrx_word' id='word_1_184' title='bbox 167 2685 244 2806; x_wconf 46' lang='lat' dir='ltr'>iaris</span> <span class='ocrx_word' id='word_1_185' title='bbox 262 2790 273 2821; x_wconf 88' lang='lat'>‚</span> <span class='ocrx_word' id='word_1_186' title='bbox 293 2760 378 2826; x_wconf 88' lang='lat' dir='ltr'>atque</span> <span class='ocrx_word' id='word_1_187' title='bbox 398 2744 540 2813; x_wconf 87' lang='lat' dir='ltr'>fortibus,</span> <span class='ocrx_word' id='word_1_188' title='bbox 562 2741 693 2802; x_wconf 84' lang='lat' dir='ltr'>constitui</span> <span class='ocrx_word' id='word_1_189' title='bbox 711 2743 759 2801; x_wconf 84' lang='lat' dir='ltr'>lex</span> <span class='ocrx_word' id='word_1_190' title='bbox 777 2744 845 2802; x_wconf 82' lang='lat' dir='ltr'>vitae</span> 
     </span>
     <span class='ocr_line' id='line_1_31' title="bbox 167 2823 844 2887; baseline -0.003 -2"><span class='ocrx_word' id='word_1_191' title='bbox 167 2825 339 2887; x_wconf 81' lang='lat' dir='ltr'>&amp;conditio</span> <span class='ocrx_word' id='word_1_192' title='bbox 355 2825 490 2885; x_wconf 85' lang='lat' dir='ltr'>videtur:</span> <span class='ocrx_word' id='word_1_193' title='bbox 511 2826 554 2883; x_wconf 86' lang='lat' dir='ltr'>sin</span> <span class='ocrx_word' id='word_1_194' title='bbox 571 2840 667 2882; x_wconf 83' lang='lat' dir='ltr'>autem</span> <span class='ocrx_word' id='word_1_195' title='bbox 687 2823 844 2883; x_wconf 77' lang='lat' dir='ltr'>multorum</span> 
     </span>
     <span class='ocr_line' id='line_1_32' title="bbox 167 2902 845 2988; baseline -0.001 -22"><span class='ocrx_word' id='word_1_196' title='bbox 167 2907 271 2983; x_wconf 73' lang='lat' dir='ltr'>virtus,</span> <span class='ocrx_word' id='word_1_197' title='bbox 291 2908 459 2988; x_wconf 80' lang='lat' dir='ltr'>ingenium,</span> <span class='ocrx_word' id='word_1_198' title='bbox 476 2906 637 2971; x_wconf 76' lang='lat' dir='ltr'>humanitas</span> <span class='ocrx_word' id='word_1_199' title='bbox 655 2948 664 2976; x_wconf 86' lang='lat'>,</span> <span class='ocrx_word' id='word_1_200' title='bbox 682 2922 718 2962; x_wconf 87' lang='lat' dir='ltr'>ex</span> <span class='ocrx_word' id='word_1_201' title='bbox 742 2902 845 2965; x_wconf 82' lang='lat' dir='ltr'>infimo</span> 
     </span>
    </p>
   </div>
   <div class='ocr_carea' id='block_1_3' title="bbox 637 2981 717 3046">
    <p class='ocr_par' dir='ltr' id='par_1_5' title="bbox 637 2981 717 3046">
     <span class='ocr_line' id='line_1_33' title="bbox 637 2981 717 3046; baseline 0.013 -3"><span class='ocrx_word' id='word_1_202' title='bbox 637 2981 668 3044; x_wconf 92' lang='lat' dir='ltr'>O</span> <span class='ocrx_word' id='word_1_203' title='bbox 687 2986 717 3046; x_wconf 86' lang='lat' dir='ltr'>iv</span> 
     </span>
    </p>
   </div>
   <div class='ocr_carea' id='block_1_4' title="bbox 0 0 1065 3942">
    <p class='ocr_par' dir='ltr' id='par_1_6' title="bbox 0 0 1065 3942">
     <span class='ocr_line' id='line_1_34' title="bbox 0 0 1065 3942; baseline 0 0"><span class='ocrx_word' id='word_1_204' title='bbox 0 0 1065 3942; x_wconf 95' lang='lat' dir='ltr'> </span> 
     </span>
    </p>
   </div>
  </div>
 </body>
</html>
