2117 3942
274 377 372 445 Pro
397 378 471 447 cn.
499 375 739 450 Praucro.
779 398 859 475 523

172 487 234 551 elle
247 507 359 551 notum.
372 489 416 552 Ita
428 494 539 572 putavit
553 491 665 554 senatus
676 537 693 567 ,.
703 513 793 574 quum
806 513 862 555 reo

172 573 267 632 tribus
280 571 433 632 ederentur
444 593 505 643 eae,
518 595 588 653 quas
603 578 626 634 is
642 575 794 655 largitione
809 574 865 634 de»

171 651 286 712 aindas
304 653 449 723 haberet,
474 653 594 714 eosdem
614 654 679 715 fote
696 654 802 729 testes,
828 656 861 716 &

170 730 295 810 judices.
317 731 467 793 Acerbum
490 736 613 793 omnino
633 755 723 816 genus
738 734 862 815 judicii·,

170 811 223 873 fed
236 827 358 886 tamen,
375 812 460 873 sivel
477 811 541 886 sua,
554 815 606 874 vel
622 835 676 890 ea,
690 836 754 895 que
767 819 861 876 maxi·

170 893 222 953 me
242 890 310 952 esset
328 895 434 973 cuique
451 891 625 972 conjunlia,
649 896 740 956 tribus
754 896 862 957 edere-

171 990 244 1042 tur,
266 975 315 1033 vix
335 973 535 1034 recusandum.

215 1051 311 1112 XVI.
325 1053 374 1113 Tu
390 1070 487 1114 autem
499 1098 511 1124 ‚
524 1054 705 1127 Laterensis,
724 1074 794 1134 quas
807 1056 861 1114 tri-

171 1132 228 1193 bus
249 1132 384 1203 edidisti?
403 1133 616 1208 Terentinam,
634 1134 722 1196 credo
740 1156 747 1193 :
764 1133 816 1194 fuit
830 1134 861 1194 id

170 1233 307 1293 aequum,
326 1215 359 1274 &
375 1216 453 1274 certi
472 1214 665 1296 exspedatum
680 1212 740 1285 est,
758 1215 789 1274 ὃ(
807 1213 862 1275 fuit

172 1293 294 1374 dignum
305 1292 462 1354 constantii
472 1295 521 1354 tuti
533 1316 540 1354 :
555 1291 636 1374 cujus
646 1312 676 1355 tu
686 1291 775 1355 triblis
787 1314 862 1354 ven·

171 1373 320 1447 ditorem,
340 1375 373 1434 &
391 1392 615 1456 corruptorem,
637 1371 862 1454 &sequestrem

171 1452 322 1515 Plancium
333 1453 413 1516 fuille
431 1456 560 1516 clamitas
571 1477 581 1530 ;
594 1475 658 1517 eam
673 1454 778 1515 tribum
793 1475 861 1534 pro-

172 1533 268 1607 letio,
282 1533 526 1602 severissimorum
539 1536 694 1618 prasertim
706 1535 861 1595 hominum

172 1615 208 1675 &
218 1616 469 1697 gravissimorum,
485 1617 573 1676 edere
587 1614 862 1677 debuistiAtV01·

171 1699 294 1755 tiniam:
312 1696 384 1755 libet
401 1697 478 1755 enim
496 1697 549 1755 tibi
566 1696 661 1756 nescio
683 1695 753 1774 quid
770 1699 859 1757 etiam

174 1776 214 1836 de
233 1776 282 1835 illa
300 1776 375 1835 tribu
394 1776 555 1835 criminant
571 1775 644 1835 hanc
666 1776 750 1856 igitur
768 1775 859 1856 ipsam
905 1775 908 1780 ’

173 1877 227 1917 cur
241 1877 302 1915 non
314 1853 448 1915 edidisti?
462 1855 530 1934 quid
540 1853 656 1914 Plancio
672 1875 738 1916 cum
752 1854 865 1915 Lemo·

173 1935 242 1996 nia?
256 1935 325 2017 quid
339 1957 405 1995 cum
415 1932 595 2013 Veientinal
615 1934 685 2015 quid
696 1955 762 1995 cum
772 1932 861 1995 Crus-

175 2016 307 2075 tumina?
326 2037 394 2075 nam
415 2014 561 2088 Metiam,
580 2036 640 2075 non
665 2034 728 2094 quae
746 2011 861 2093 judica·

172 2114 238 2168 tet,
261 2095 310 2154 sed
328 2117 391 2174 quae
411 2092 597 2172 rejiceretur,
618 2092 674 2157 elle
692 2092 815 2154 voluisti.
836 2130 838 2135 ·

218 2193 266 2252 39.
282 2173 430 2236 Dubitatis
447 2178 551 2255 igitur,
568 2175 703 2246 Judices,
722 2176 789 2254 quin
801 2196 857 2237 vos

171 2255 220 2318 Μ.
240 2254 402 2316 Laterensis
418 2254 470 2329 suo
494 2253 624 2334 judicio,
650 2277 711 2315 non
737 2256 773 2315 ad
790 2255 860 2316 sen-

172 2338 293 2397 tentiam
310 2337 400 2419 legis,
417 2335 466 2399 sed
485 2336 522 2397 ad
540 2335 616 2400 suam
634 2335 714 2418 spem
733 2338 860 2418 aliquam

173 2417 211 2479 de
233 2420 347 2478 civitate
369 2417 532 2499 delegeritl
554 2418 711 2489 dubitatis,
726 2419 795 2496 quin
810 2436 859 2474 eas

175 2498 290 2567 tribus,
315 2500 345 2555 in
370 2499 472 2576 quibus
491 2517 610 2576 magnas
633 2495 859 2555 necessitudines

173 2578 261 2635 habet
277 2575 430 2644 Plancius,
470 2595 540 2633 uum
564 2575 613 2637 ille
636 2595 700 2637 non
716 2574 862 2647 ediderit,

174 2656 307 2736 judicarit
328 2653 427 2714 officiis
447 2676 463 2711 a
483 2712 484 2716 ,
501 2654 558 2715 hoc
583 2653 771 2727 observatas,
795 2676 858 2716 nou

174 2734 350 2817 largitione?
368 2733 449 2812 Quid
466 2735 544 2792 enim
562 2733 657 2814 potest
675 2734 789 2807 dicere,
805 2757 855 2797 cur

173 2815 225 2876 ista
243 2814 332 2875 editio
354 2835 414 2872 non
432 2811 571 2872 summam
591 2815 698 2875 habeat
716 2817 857 2877 acerbita-

173 2914 258 2966 tem,
274 2896 388 2954 remoti
403 2896 515 2954 ratione
529 2894 595 2972 illi,
611 2916 697 2980 quatu
709 2898 739 2959 in
754 2896 865 2965 decer·-

174 2975 273 3041 nendo
291 2975 379 3041 secuti
396 2973 509 3043 sumus?
630 2979 633 2984 ’
