2117 3942
260 396 337 473 234
482 376 701 449 Ortmo

255 492 404 576 querelae,
425 511 551 574 preces,
570 492 653 554 socer
672 490 709 551 ad
726 489 818 572 pedes
838 488 945 570 abjec-

253 593 311 635 ωε.
331 573 382 634 Ille
399 571 428 633 se
443 572 605 647 affirmare,
624 570 742 653 postero
762 572 810 632 die
827 593 944 634 moram

254 655 363 716 nullam
381 653 437 715 effe
454 652 603 714 fannium.
622 651 775 714 Creditum
794 650 863 712 est:
885 654 945 714 dis·

254 733 360 795 cessum
383 732 424 795 est
439 755 445 792 :
460 735 501 794 illi
521 737 631 795 interea
652 733 839 793 deliberatori
860 754 947 795 mer·

255 835 326 888 ces,
353 815 442 896 longai
463 814 631 894 interpositi
645 812 770 887 nobie,
796 813 944 893 duplicata

255 894 306 956 est.
325 882 481 956 Consecuti
494 895 555 956 dies
570 895 654 974 pauci
669 895 790 953 omnino
804 893 944 956 Ianuario

257 974 377 1048 mense,
395 995 447 1056 per
464 995 537 1055 quos
553 973 681 1035 senatum
697 973 796 1034 haberi
814 973 942 1038 liceret:

254 1054 305 1117 sed
321 1073 420 1115 tamen
437 1054 529 1115 aeium
548 1054 637 1127 nihii,
655 1055 709 1113 nisi
722 1053 759 1113 de
777 1074 838 1114 me.
938 1080 942 1087 ·

296 1134 447 1196 XXXV.
468 1133 571 1214 Quum
587 1136 669 1194 omni
685 1132 791 1207 morri,
808 1131 944 1194 ludifica-

255 1216 363 1289 tione,
384 1215 548 1288 calumnii,
571 1212 683 1274 senatis
705 1212 859 1274 auoioritas
880 1216 944 1274 inr-

254 1296 403 1377 pediretur
419 1316 426 1354 :
443 1297 525 1355 venit
547 1295 667 1354 tandem
690 1295 804 1355 concilii
828 1293 868 1355 de
893 1314 944 1356 me

256 1375 363 1457 agendi
379 1374 461 1448 dies,
476 1391 555 1436 v111.
571 1373 690 1436 kalend.
704 1374 844 1435 Februar.
859 1372 944 1435 Ptin·

254 1476 325 1536 ceps
348 1456 534 1549 rogationis,
560 1455 606 1514 vir
632 1454 703 1514 mihi
724 1457 945 1531 amicissimus,

253 1534 297 1614 Q.
309 1535 477 1604 Fabncius,
494 1535 637 1614 ternplum
652 1535 799 1615 aliquanto
813 1551 883 1596 ante
898 1534 944 1598 lu·

252 1635 320 1676 cem
339 1616 503 1695 occupavit.
527 1614 654 1694 Quietus
674 1635 711 1675 eo
735 1615 782 1676 die
802 1613 943 1691 sextius,

251 1694 276 1756 is
298 1698 348 1777 qui
366 1693 408 1758 est
426 1696 465 1756 de
483 1694 516 1754 vi
533 1715 620 1756 reus:
635 1694 714 1755 naor
732 1695 805 1767 hic,
830 1694 943 1757 defen·

251 1773 357 1859 sorque
372 1772 461 1836 causae
475 1793 549 1835 meae
564 1771 632 1834 nihil
649 1773 834 1855 progreditur
843 1795 944 1848 ,eon-

254 1859 316 1917 silia
332 1855 474 1937 exspeeiat
492 1857 674 1914 inimicorum
688 1872 833 1915 meorum.
856 1853 953 1935 Quid*

249 1937 318 2011 illi,
342 1957 466 2019 quorum
485 1935 608 1995 consilio
626 1932 659 1994 P.
679 1932 791 1995 Sextius
809 1936 841 1994 in
861 1931 944 2016 judi-

244 2020 329 2089 ,cium
340 2014 482 2079 vocatur?
497 2035 556 2095 quo
570 2013 600 2076 se
611 2013 697 2095 paoio
709 2014 836 2096 gerunt?
850 2036 943 2097 quum

251 2095 372 2169 forum,
391 2099 562 2169 comitium,
578 2096 684 2155 curiam
698 2094 788 2154 multi
802 2093 840 2155 de
854 2095 943 2159 noete

251 2180 367 2236 armatis
385 2177 550 2249 hominibus
567 2196 601 2234 ac
621 2173 709 2235 servis
725 2172 870 2256 plerisque
887 2198 943 2251 oe·

251 2253 453 2334 cupaviffent,
476 2260 619 2332 impeturn
645 2254 753 2314 faciunt
780 2256 810 2314 in
837 2254 942 2316 Fabri·

251 2337 352 2409 cium,
369 2353 469 2394 manus
487 2333 609 2395 afferunt
622 2379 632 2408 ‚
643 2335 790 2396 occidunt
809 2336 942 2398 nonnul-

252 2414 319 2489 los,
339 2414 491 2478 vulnerant
507 2414 626 2474 multos.
824 2478 826 2483 ,

291 2496 342 2573 76.
363 2494 541 2556 Venientem
559 2498 589 2555 in
608 2494 728 2566 forum,
746 2495 844 2555 vitum
860 2497 949 2577 opti··

252 2597 334 2638 mum
354 2575 387 2637 δι
408 2574 694 2649 constantissimum,
716 2573 761 2635 M.
781 2572 837 2636 cis
852 2578 941 2651 ium,

254 2659 400 2718 tribunum
416 2656 531 2738 plebis,
545 2659 575 2716 vi
591 2657 740 2736 depellunt
754 2675 762 2712 ε
781 2597 896 2719 caegem
910 2658 942 2719 in

253 2735 320 2797 foro
338 2741 491 2798 maximam
504 2736 610 2798 faciunt
625 2759 632 2796 ε
648 2738 854 2815 universique3
873 2736 941 2798 des-
961 2754 965 2759 ·

252 2815 339 2875 triffls
358 2818 458 2898 gladiis
482 2819 520 2879 &·
534 2819 658 2877 cruentis
676 2819 706 2876 in
725 2817 863 2877 omnibus
877 2817 964 2881 -fon‘

252 2895 397 2977 partibus,
411 2897 531 2962 fratrem
543 2917 661 2972 meum,
673 2900 769 2961 virum
781 2899 943 2980 optimum.
960 2922 968 2931 ·
