2117 3942
202 355 301 424 Pro
326 354 397 424 Cu.
423 304 682 426 Functus
699 372 776 452 503

139 465 173 529 6.
190 467 303 547 Quaerit
317 469 395 529 enim
411 466 595 543 Laterensis,
615 489 702 553 atque
721 471 779 531 hoe

97 570 160 610 uno
179 546 303 608 maxime
322 564 424 629 urget,
448 548 506 630 qui
525 547 555 608 se
570 553 697 624 virtute,
721 553 780 632 qud

98 628 187 690 laude
208 626 340 687 Plancius
352 671 363 699 ,
390 628 446 708 qui
468 628 607 708 dignitate
631 631 778 712 superarit.

97 708 164 782 Ita,
178 708 202 767 si
218 707 293 768 cedo
309 708 383 767 illius
401 711 597 781 ornamentis,
613 730 676 790 quae
688 712 779 771 multa

99 789 135 850 &
152 785 360 869 magnasunt,
377 807 438 846 non
453 785 545 848 solium
562 785 645 864 hujus
657 791 685 849 di
706 793 780 851 nita·

99 871 138 931 tis
155 866 263 962 jasiura
282 864 415 927 facienda
438 864 499 938 est,
517 864 568 926 sed
587 870 673 929 etiam
686 810 780 966 sangi:

102 952 192 1010 tionis
212 946 378 1026 recipienda
393 944 510 1025 suspicio
523 944 563 1005 est
576 966 584 1004 ε
598 949 641 1007 sin
653 948 729 1008 huuc
740 950 781 1009 illt

98 1045 271 1109 antepon03
287 1026 495 1087 contumeliosa
511 1025 645 1087 habenda
660 1025 702 1089 est
718 1050 783 1088 ora·

98 1111 175 1182 tio,
198 1106 231 1167 δι
255 1106 408 1167 dicendum
427 1105 468 1166 est
487 1105 542 1178 id,
564 1107 645 1187 quod
662 1107 711 1167 ille
731 1128 782 1170 me

99 1189 234 1329 sippitan
256 1185 439 1247 Laterensem
466 1185 617 1247 aPlaucio
643 1187 782 1268 dignitate

99 1289 118 1330 e
141 1287 160 1327 e

179 1265 348 1347 superatum.
368 1265 410 1326 lta
419 1284 467 1325 aut
480 1268 643 1326 amicissimi
658 1267 783 1326 hominis

100 1345 275 1410 existimatio
296 1344 471 1407 offendenda
488 1345 550 1419 est,
568 1347 592 1405 si
603 1347 682 1406 illam
700 1367 785 1407 accu-

100 1428 219 1488 sationis
238 1427 436 1487 c'onditionem
458 1425 580 1508 sequar,
599 1444 648 1486 aut
672 1429 783 1508 optime

102 1510 143 1570 de
161 1527 209 1567 me
229 1509 324 1566 meriti
340 1505 412 1567 salus
429 1506 585 1568 deserenda
604 1506 655 1568 est.

144 1585 212 1646 111.
231 1585 289 1646 Sed
309 1606 387 1667 ego,
406 1585 585 1657 Laterensis,
599 1607 706 1647 caetum
722 1606 784 1658 me,

105 1667 140 1729 &
158 1669 333 1748 praecipitem
355 1663 423 1725 serti
443 1664 583 1725 consiteur
598 1669 629 1724 in
646 1665 742 1740 causa,
760 1671 785 1727 si

102 1765 134 1808 te
154 1763 237 1806 aura
256 1744 374 1805 Plancio
383 1788 396 1817 ‚
408 1760 466 1805 aut
487 1745 523 1804 ab
543 1744 626 1818 ullo,
648 1745 677 1803 di
696 1749 785 1806 nitate

103 1825 229 1908 potuisse
249 1824 373 1905 superari
388 1825 498 1885 dixero.
521 1823 621 1903 Itaque
638 1766 783 1884 ditiedam

105 1908 144 1972 ab
162 1927 197 1967 ea
220 1907 431 1976 contentione,
450 1904 487 1963 ad
510 1923 597 1982 quam
613 1922 643 1963 tu
665 1922 712 1963 me
728 1926 786 1964 vo·

104 2007 179 2058 cas,
199 1987 230 2044 ὃ(
253 1989 369 2044 veniam
396 1984 433 2043 ad
456 1983 555 2055 illam,
576 1983 718 2062 adquam
738 2003 787 2049 me

105 2065 190 2127 causa
207 2062 265 2144 ipsa
288 2064 410 2123 deducit.
431 2062 513 2141 Quid
534 2060 589 2121 tu?
607 2084 643 2121 an
661 2063 786 2144 dignita·

105 2148 143 2207 tis
157 2143 284 2223 judicem
302 2160 386 2223 putas
402 2141 460 2204 esse
476 2141 641 2222 populum?
659 2141 787 2204 Fortasse

105 2244 326 2303 nonnumquam
354 2220 403 2283 est.
436 2221 556 2282 Utinam
579 2223 652 2282 verb
673 2222 788 2305 semper

108 2303 200 2370 esset!
222 2303 271 2364 sed
291 2301 332 2365 est
351 2303 489 2383 perrard;
509 2303 577 2364 &si
592 2303 708 2384 quando
723 2303 785 2376 est,

108 2388 140 2446 in
159 2388 191 2444 iis
210 2406 255 2444 ma
276 2383 415 2444 'stratibus
428 2381 468 2444 est
480 2383 671 2453 mandandis,
685 2383 789 2463 quibus

108 2464 229 2533 salutem
249 2405 326 2522 issam
347 2465 488 2521 committi
506 2477 605 2541 putat:
620 2462 791 2531 hisleviori·

109 2544 165 2607 bus
185 2543 328 2612 comitiis,
349 2540 548 2620 diligentia&
571 2539 662 2619 gratiis
678 2542 791 2618 petito-

111 2643 176 2695 rum
193 2623 287 2682 honos
310 2622 439 2700 paritur;
459 2638 521 2677 non
541 2619 575 2676 iis
591 2620 790 2693 ornamentis,

111 2723 179 2784 quae
197 2699 253 2760 effe
270 2701 300 2758 in
320 2716 350 2758 te
370 2699 513 2759 videmus.
533 2695 610 2756 Nam
620 2738 632 2767 ‚
652 2698 731 2778 quod
751 2699 790 2759 ad

111 2780 257 2865 populum
275 2780 420 2858 pertinet,
441 2776 555 2856 semper
571 2776 711 2858 dignitatis
730 2781 789 2853 ini-

113 2881 188 2944 quus
197 2857 285 2940 judex
298 2854 358 2929 est,
372 2859 420 2938 qui
432 2873 481 2918 aut
494 2857 625 2932 invidet,
639 2876 687 2918 aut
699 2857 789 2924 fatet.
854 2935 856 2939 ,
