<?xml version="1.0" encoding="UTF-8"?>
<!DOCTYPE html PUBLIC "-//W3C//DTD XHTML 1.0 Transitional//EN"
    "http://www.w3.org/TR/xhtml1/DTD/xhtml1-transitional.dtd">
<html xmlns="http://www.w3.org/1999/xhtml" xml:lang="en" lang="en">
 <head>
  <title>
</title>
<meta http-equiv="Content-Type" content="text/html;charset=utf-8" />
  <meta name='ocr-system' content='tesseract 3.04.00' />
  <meta name='ocr-capabilities' content='ocr_page ocr_carea ocr_par ocr_line ocrx_word'/>
</head>
<body>
  <div class='ocr_page' id='page_1' title='image "./mtulliiciceroni06lallgoog_0124.png"; bbox 0 0 2117 3942; ppageno 0'>
   <div class='ocr_carea' id='block_1_1' title="bbox 423 218 430 248">
    <p class='ocr_par' dir='ltr' id='par_1_1' title="bbox 423 218 430 248">
     <span class='ocr_line' id='line_1_1' title="bbox 423 218 430 248; baseline 0 0"><span class='ocrx_word' id='word_1_1' title='bbox 423 218 430 248; x_wconf 85' lang='grc' dir='ltr'><strong><em>Ι</em></strong></span> 
     </span>
    </p>
   </div>
   <div class='ocr_carea' id='block_1_2' title="bbox 258 368 696 496">
    <p class='ocr_par' dir='ltr' id='par_1_2' title="bbox 258 368 696 496">
     <span class='ocr_line' id='line_1_2' title="bbox 258 368 696 496; baseline 0.005 -31"><span class='ocrx_word' id='word_1_2' title='bbox 258 368 331 496; x_wconf 69' lang='lat' dir='ltr'>r50</span> <span class='ocrx_word' id='word_1_3' title='bbox 382 433 385 440; x_wconf 95' lang='lat'>·</span> <span class='ocrx_word' id='word_1_4' title='bbox 478 399 696 467; x_wconf 66' lang='lat' dir='ltr'>ormo</span> 
     </span>
    </p>
   </div>
   <div class='ocr_carea' id='block_1_3' title="bbox 252 507 944 1481">
    <p class='ocr_par' dir='ltr' id='par_1_3' title="bbox 252 507 944 1481">
     <span class='ocr_line' id='line_1_3' title="bbox 255 507 938 595; baseline 0.006 -24"><span class='ocrx_word' id='word_1_5' title='bbox 255 515 289 575; x_wconf 88' lang='lat'>&amp;</span> <span class='ocrx_word' id='word_1_6' title='bbox 303 511 444 595; x_wconf 67' lang='lat' dir='ltr'>equitibus</span> <span class='ocrx_word' id='word_1_7' title='bbox 462 511 622 585; x_wconf 83' lang='lat' dir='ltr'>Romanis,</span> <span class='ocrx_word' id='word_1_8' title='bbox 638 508 701 587; x_wconf 78' lang='lat' dir='ltr'>eius</span> <span class='ocrx_word' id='word_1_9' title='bbox 715 507 793 585; x_wconf 86' lang='lat' dir='ltr'>esse,</span> <span class='ocrx_word' id='word_1_10' title='bbox 811 531 876 592; x_wconf 72' lang='lat' dir='ltr'>que</span> <span class='ocrx_word' id='word_1_11' title='bbox 888 534 938 575; x_wconf 85' lang='lat' dir='ltr'>ca·</span> 
     </span>
     <span class='ocr_line' id='line_1_4' title="bbox 253 590 938 674; baseline -0.001 -20"><span class='ocrx_word' id='word_1_12' title='bbox 253 615 318 655; x_wconf 82' lang='lat' dir='ltr'>rere</span> <span class='ocrx_word' id='word_1_13' title='bbox 339 613 387 655; x_wconf 91' lang='lat' dir='ltr'>me</span> <span class='ocrx_word' id='word_1_14' title='bbox 408 615 468 655; x_wconf 91' lang='lat' dir='ltr'>non</span> <span class='ocrx_word' id='word_1_15' title='bbox 489 590 634 674; x_wconf 78' lang='lat' dir='ltr'>potuisset.</span> <span class='ocrx_word' id='word_1_16' title='bbox 659 590 733 665; x_wconf 83' lang='lat' dir='ltr'>lile,</span> <span class='ocrx_word' id='word_1_17' title='bbox 749 609 781 657; x_wconf 87' lang='lat' dir='ltr'>ut</span> <span class='ocrx_word' id='word_1_18' title='bbox 801 595 938 672; x_wconf 87' lang='lat' dir='ltr'>opinor,</span> 
     </span>
     <span class='ocr_line' id='line_1_5' title="bbox 253 671 944 757; baseline 0.004 -23"><span class='ocrx_word' id='word_1_19' title='bbox 253 677 403 757; x_wconf 82' lang='lat' dir='ltr'><strong>ingemuit.</strong></span> <span class='ocrx_word' id='word_1_20' title='bbox 421 674 504 751; x_wconf 85' lang='lat' dir='ltr'>Quid</span> <span class='ocrx_word' id='word_1_21' title='bbox 519 671 843 756; x_wconf 77' lang='lat' dir='ltr'>igitutrespondetent?</span> <span class='ocrx_word' id='word_1_22' title='bbox 858 687 944 755; x_wconf 52' lang='lat' dir='ltr'>quai</span> 
     </span>
     <span class='ocr_line' id='line_1_6' title="bbox 253 753 937 836; baseline 0.004 -22"><span class='ocrx_word' id='word_1_23' title='bbox 253 774 288 817; x_wconf 89' lang='lat' dir='ltr'>rn</span> <span class='ocrx_word' id='word_1_24' title='bbox 307 776 343 817; x_wconf 87' lang='lat' dir='ltr'>ex</span> <span class='ocrx_word' id='word_1_25' title='bbox 362 775 399 815; x_wconf 89' lang='lat' dir='ltr'>eo</span> <span class='ocrx_word' id='word_1_26' title='bbox 416 753 498 836; x_wconf 87' lang='lat' dir='ltr'>ipso,</span> <span class='ocrx_word' id='word_1_27' title='bbox 536 758 565 817; x_wconf 92' lang='lat' dir='ltr'>ui</span> <span class='ocrx_word' id='word_1_28' title='bbox 580 753 657 819; x_wconf 82' lang='lat' dir='ltr'>serre</span> <span class='ocrx_word' id='word_1_29' title='bbox 675 773 724 818; x_wconf 84' lang='lat' dir='ltr'>rue</span> <span class='ocrx_word' id='word_1_30' title='bbox 742 774 803 815; x_wconf 87' lang='lat' dir='ltr'>non</span> <span class='ocrx_word' id='word_1_31' title='bbox 820 753 937 834; x_wconf 77' lang='lat' dir='ltr'>potest:</span> 
     </span>
     <span class='ocr_line' id='line_1_7' title="bbox 254 833 940 901; baseline -0.007 0"><span class='ocrx_word' id='word_1_32' title='bbox 254 856 304 901; x_wconf 86' lang='lat' dir='ltr'>rue</span> <span class='ocrx_word' id='word_1_33' title='bbox 328 838 423 896; x_wconf 86' lang='lat' dir='ltr'>civem</span> <span class='ocrx_word' id='word_1_34' title='bbox 445 833 502 900; x_wconf 82' lang='lat' dir='ltr'>esse</span> <span class='ocrx_word' id='word_1_35' title='bbox 552 833 710 900; x_wconf 68' lang='lat' dir='ltr'>omarum?</span> <span class='ocrx_word' id='word_1_36' title='bbox 727 833 855 899; x_wconf 68' lang='lat' dir='ltr'>ttrrrnre</span> <span class='ocrx_word' id='word_1_37' title='bbox 877 835 940 896; x_wconf 79' lang='lat' dir='ltr'>res-</span> 
     </span>
     <span class='ocr_line' id='line_1_8' title="bbox 253 912 941 999; baseline 0.003 -23"><span class='ocrx_word' id='word_1_38' title='bbox 253 914 442 997; x_wconf 74' lang='lat' dir='ltr'>pondtffernr</span> <span class='ocrx_word' id='word_1_39' title='bbox 473 914 645 979; x_wconf 78' lang='lat' dir='ltr'>tacuissem?</span> <span class='ocrx_word' id='word_1_40' title='bbox 673 912 817 980; x_wconf 83' lang='lat' dir='ltr'>desenunt</span> <span class='ocrx_word' id='word_1_41' title='bbox 842 936 941 999; x_wconf 80' lang='lat' dir='ltr'>nego-</span> 
     </span>
     <span class='ocr_line' id='line_1_9' title="bbox 252 994 938 1078; baseline 0 -19"><span class='ocrx_word' id='word_1_42' title='bbox 252 999 337 1067; x_wconf 81' lang='lat' dir='ltr'>tium.</span> <span class='ocrx_word' id='word_1_43' title='bbox 361 994 457 1057; x_wconf 88' lang='lat' dir='ltr'>Potest</span> <span class='ocrx_word' id='word_1_44' title='bbox 468 995 615 1078; x_wconf 79' lang='lat' dir='ltr'>quisquam</span> <span class='ocrx_word' id='word_1_45' title='bbox 626 997 669 1059; x_wconf 81' lang='lat' dir='ltr'>rit</span> <span class='ocrx_word' id='word_1_46' title='bbox 683 998 713 1055; x_wconf 90' lang='lat' dir='ltr'>in</span> <span class='ocrx_word' id='word_1_47' title='bbox 729 996 816 1059; x_wconf 73' lang='lat' dir='ltr'>rebus</span> <span class='ocrx_word' id='word_1_48' title='bbox 825 1001 938 1078; x_wconf 72' lang='lat' dir='ltr'>magnis</span> 
     </span>
     <span class='ocr_line' id='line_1_10' title="bbox 254 1075 941 1150; baseline 0.003 -14"><span class='ocrx_word' id='word_1_49' title='bbox 254 1099 322 1143; x_wconf 77' lang='lat' dir='ltr'>eum</span> <span class='ocrx_word' id='word_1_50' title='bbox 338 1078 446 1141; x_wconf 86' lang='lat' dir='ltr'>invidia</span> <span class='ocrx_word' id='word_1_51' title='bbox 461 1077 606 1150; x_wconf 89' lang='lat' dir='ltr'>versatus,</span> <span class='ocrx_word' id='word_1_52' title='bbox 620 1075 683 1140; x_wconf 80' lang='lat' dir='ltr'>satir</span> <span class='ocrx_word' id='word_1_53' title='bbox 719 1079 825 1139; x_wconf 77' lang='lat' dir='ltr'>rariter</span> <span class='ocrx_word' id='word_1_54' title='bbox 838 1093 941 1139; x_wconf 77' lang='lat' dir='ltr'>contre</span> 
     </span>
     <span class='ocr_line' id='line_1_11' title="bbox 254 1096 941 1221; baseline -0.009 -4"><span class='ocrx_word' id='word_1_55' title='bbox 254 1160 362 1217; x_wconf 83' lang='lat' dir='ltr'>inimici</span> <span class='ocrx_word' id='word_1_56' title='bbox 386 1158 591 1221; x_wconf 83' lang='lat' dir='ltr'>contumeliam</span> <span class='ocrx_word' id='word_1_57' title='bbox 617 1096 744 1220; x_wconf 71' lang='lat' dir='ltr'>sinestra</span> <span class='ocrx_word' id='word_1_58' title='bbox 770 1155 857 1219; x_wconf 81' lang='lat' dir='ltr'>leude</span> <span class='ocrx_word' id='word_1_59' title='bbox 882 1157 941 1221; x_wconf 75' lang='lat' dir='ltr'>res.</span> 
     </span>
     <span class='ocr_line' id='line_1_12' title="bbox 253 1235 940 1320; baseline -0.006 -19"><span class='ocrx_word' id='word_1_60' title='bbox 253 1239 387 1320; x_wconf 86' lang='lat' dir='ltr'>pondere</span> <span class='ocrx_word' id='word_1_61' title='bbox 405 1239 416 1298; x_wconf 74' lang='grc' dir='ltr'><strong><em>ἓ</em></strong></span> <span class='ocrx_word' id='word_1_62' title='bbox 438 1239 480 1301; x_wconf 83' lang='lat' dir='ltr'>Ar</span> <span class='ocrx_word' id='word_1_63' title='bbox 496 1238 556 1319; x_wconf 83' lang='lat' dir='ltr'>ipse</span> <span class='ocrx_word' id='word_1_64' title='bbox 573 1257 632 1300; x_wconf 90' lang='lat' dir='ltr'>non</span> <span class='ocrx_word' id='word_1_65' title='bbox 650 1236 743 1300; x_wconf 74' lang='lat' dir='ltr'>modo</span> <span class='ocrx_word' id='word_1_66' title='bbox 761 1235 940 1318; x_wconf 75' lang='lat' dir='ltr'><strong>respondet,</strong></span> 
     </span>
     <span class='ocr_line' id='line_1_13' title="bbox 254 1315 941 1400; baseline 0.007 -23"><span class='ocrx_word' id='word_1_67' title='bbox 254 1319 393 1400; x_wconf 86' lang='lat' dir='ltr'>quidquid</span> <span class='ocrx_word' id='word_1_68' title='bbox 411 1317 529 1397; x_wconf 81' lang='lat' dir='ltr'>potest,</span> <span class='ocrx_word' id='word_1_69' title='bbox 570 1338 637 1381; x_wconf 90' lang='lat' dir='ltr'>uum</span> <span class='ocrx_word' id='word_1_70' title='bbox 654 1315 695 1382; x_wconf 78' lang='lat' dir='ltr'>esi</span> <span class='ocrx_word' id='word_1_71' title='bbox 712 1317 877 1391; x_wconf 69' lang='lat' dir='ltr'>lecemirus3</span> <span class='ocrx_word' id='word_1_72' title='bbox 890 1316 941 1382; x_wconf 81' lang='lat' dir='ltr'>sed</span> 
     </span>
     <span class='ocr_line' id='line_1_14' title="bbox 255 1397 942 1481; baseline 0.006 -23"><span class='ocrx_word' id='word_1_73' title='bbox 255 1403 344 1459; x_wconf 81' lang='lat' dir='ltr'>etiarn</span> <span class='ocrx_word' id='word_1_74' title='bbox 360 1399 486 1480; x_wconf 79' lang='lat' dir='ltr'>gaudet,</span> <span class='ocrx_word' id='word_1_75' title='bbox 499 1397 528 1463; x_wconf 87' lang='lat' dir='ltr'>se</span> <span class='ocrx_word' id='word_1_76' title='bbox 547 1420 563 1458; x_wconf 89' lang='lat' dir='ltr'>a</span> <span class='ocrx_word' id='word_1_77' title='bbox 601 1398 719 1473; x_wconf 81' lang='lat' dir='ltr'>amicir,</span> <span class='ocrx_word' id='word_1_78' title='bbox 736 1397 806 1480; x_wconf 85' lang='lat' dir='ltr'>quid</span> <span class='ocrx_word' id='word_1_79' title='bbox 820 1397 942 1481; x_wconf 84' lang='lat' dir='ltr'>respon·</span> 
     </span>
    </p>
   </div>
   <div class='ocr_carea' id='block_1_4' title="bbox 162 1478 519 1552">
    <p class='ocr_par' dir='ltr' id='par_1_4' title="bbox 162 1478 519 1552">
     <span class='ocr_line' id='line_1_15' title="bbox 162 1478 519 1552; baseline -0.003 -11"><span class='ocrx_word' id='word_1_80' title='bbox 162 1541 164 1545; x_wconf 76' lang='grc'>,</span> <span class='ocrx_word' id='word_1_81' title='bbox 256 1480 323 1546; x_wconf 81' lang='lat' dir='ltr'>dear</span> <span class='ocrx_word' id='word_1_82' title='bbox 336 1524 345 1552; x_wconf 87' lang='lat'><strong>‚</strong></span> <span class='ocrx_word' id='word_1_83' title='bbox 359 1478 519 1542; x_wconf 82' lang='lat' dir='ltr'>admoneri.</span> 
     </span>
    </p>
   </div>
   <div class='ocr_carea' id='block_1_5' title="bbox 251 1555 946 2935">
    <p class='ocr_par' dir='ltr' id='par_1_5' title="bbox 251 1555 946 2935">
     <span class='ocr_line' id='line_1_16' title="bbox 263 1555 942 1640; baseline 0.007 -21"><span class='ocrx_word' id='word_1_84' title='bbox 263 1600 267 1609; x_wconf 87' lang='lat'>·</span> <span class='ocrx_word' id='word_1_85' title='bbox 295 1557 356 1620; x_wconf 84' lang='lat' dir='ltr'>lx.</span> <span class='ocrx_word' id='word_1_86' title='bbox 374 1558 451 1633; x_wconf 86' lang='lat' dir='ltr'><strong>Sed,</strong></span> <span class='ocrx_word' id='word_1_87' title='bbox 468 1561 608 1640; x_wconf 78' lang='lat' dir='ltr'>quonian</span> <span class='ocrx_word' id='word_1_88' title='bbox 625 1578 692 1624; x_wconf 80' lang='lat' dir='ltr'>ntea</span> <span class='ocrx_word' id='word_1_89' title='bbox 706 1555 788 1622; x_wconf 78' lang='lat' dir='ltr'>cause</span> <span class='ocrx_word' id='word_1_90' title='bbox 806 1559 942 1640; x_wconf 69' lang='lat' dir='ltr'>expedire</span> 
     </span>
     <span class='ocr_line' id='line_1_17' title="bbox 254 1635 943 1721; baseline 0.01 -23"><span class='ocrx_word' id='word_1_91' title='bbox 254 1635 323 1713; x_wconf 81' lang='lat' dir='ltr'>est,</span> <span class='ocrx_word' id='word_1_92' title='bbox 347 1640 499 1702; x_wconf 71' lang='lat' dir='ltr'>videamus</span> <span class='ocrx_word' id='word_1_93' title='bbox 517 1661 620 1714; x_wconf 86' lang='lat' dir='ltr'>nunc,</span> <span class='ocrx_word' id='word_1_94' title='bbox 644 1640 713 1721; x_wconf 86' lang='lat' dir='ltr'>quid</span> <span class='ocrx_word' id='word_1_95' title='bbox 734 1639 877 1720; x_wconf 75' lang='lat' dir='ltr'>aruspices</span> <span class='ocrx_word' id='word_1_96' title='bbox 897 1641 943 1705; x_wconf 74' lang='lat' dir='ltr'>di0</span> 
     </span>
     <span class='ocr_line' id='line_1_18' title="bbox 252 1719 943 1803; baseline 0.001 -22"><span class='ocrx_word' id='word_1_97' title='bbox 252 1739 330 1781; x_wconf 81' lang='lat' dir='ltr'>cunt.</span> <span class='ocrx_word' id='word_1_98' title='bbox 352 1719 416 1803; x_wconf 86' lang='lat' dir='ltr'>Ego</span> <span class='ocrx_word' id='word_1_99' title='bbox 438 1723 514 1781; x_wconf 90' lang='lat' dir='ltr'>enirn</span> <span class='ocrx_word' id='word_1_100' title='bbox 534 1720 651 1793; x_wconf 79' lang='lat' dir='ltr'>fateor.</span> <span class='ocrx_word' id='word_1_101' title='bbox 673 1740 721 1783; x_wconf 85' lang='lat' dir='ltr'>rue</span> <span class='ocrx_word' id='word_1_102' title='bbox 742 1721 775 1781; x_wconf 80' lang='lat' dir='ltr'>dt</span> <span class='ocrx_word' id='word_1_103' title='bbox 795 1724 943 1802; x_wconf 74' lang='lat' dir='ltr'>magnitu-</span> 
     </span>
     <span class='ocr_line' id='line_1_19' title="bbox 254 1799 942 1884; baseline 0.007 -24"><span class='ocrx_word' id='word_1_104' title='bbox 254 1800 323 1865; x_wconf 88' lang='lat' dir='ltr'>dine</span> <span class='ocrx_word' id='word_1_105' title='bbox 348 1804 478 1875; x_wconf 82' lang='lat' dir='ltr'>ostenti,</span> <span class='ocrx_word' id='word_1_106' title='bbox 507 1801 537 1868; x_wconf 72' lang='lat'>8&lt;</span> <span class='ocrx_word' id='word_1_107' title='bbox 563 1802 704 1884; x_wconf 77' lang='lat' dir='ltr'>grauitate</span> <span class='ocrx_word' id='word_1_108' title='bbox 730 1799 885 1882; x_wconf 76' lang='lat' dir='ltr'>responsi,</span> <span class='ocrx_word' id='word_1_109' title='bbox 910 1803 942 1865; x_wconf 75' lang='lat' dir='ltr'>dt</span> 
     </span>
     <span class='ocr_line' id='line_1_20' title="bbox 253 1879 945 1964; baseline 0 -19"><span class='ocrx_word' id='word_1_110' title='bbox 253 1883 312 1945; x_wconf 76' lang='lat' dir='ltr'>uni</span> <span class='ocrx_word' id='word_1_111' title='bbox 327 1879 566 1964; x_wconf 79' lang='lat' dir='ltr'>atqueconstanti</span> <span class='ocrx_word' id='word_1_112' title='bbox 587 1880 745 1962; x_wconf 75' lang='lat' dir='ltr'>aruspicum</span> <span class='ocrx_word' id='word_1_113' title='bbox 764 1882 945 1945; x_wconf 72' lang='lat' dir='ltr'>vocerehe·</span> 
     </span>
     <span class='ocr_line' id='line_1_21' title="bbox 254 1961 942 2044; baseline 0 -20"><span class='ocrx_word' id='word_1_114' title='bbox 254 1981 370 2025; x_wconf 83' lang='lat' dir='ltr'>menter</span> <span class='ocrx_word' id='word_1_115' title='bbox 391 1962 447 2026; x_wconf 82' lang='lat' dir='ltr'>esse</span> <span class='ocrx_word' id='word_1_116' title='bbox 471 1979 666 2026; x_wconf 76' lang='lat' dir='ltr'>commotum.</span> <span class='ocrx_word' id='word_1_117' title='bbox 687 1961 793 2044; x_wconf 83' lang='lat' dir='ltr'>Neque</span> <span class='ocrx_word' id='word_1_118' title='bbox 809 1963 833 2026; x_wconf 79' lang='lat' dir='ltr'>ie</span> <span class='ocrx_word' id='word_1_119' title='bbox 850 1963 942 2037; x_wconf 80' lang='lat' dir='ltr'>surn,</span> 
     </span>
     <span class='ocr_line' id='line_1_22' title="bbox 254 2043 946 2127; baseline -0.003 -23"><span class='ocrx_word' id='word_1_120' title='bbox 254 2049 321 2125; x_wconf 81' lang='lat' dir='ltr'>qui,</span> <span class='ocrx_word' id='word_1_121' title='bbox 340 2048 365 2106; x_wconf 83' lang='lat' dir='ltr'>si</span> <span class='ocrx_word' id='word_1_122' title='bbox 380 2049 426 2109; x_wconf 82' lang='lat' dir='ltr'>eui</span> <span class='ocrx_word' id='word_1_123' title='bbox 441 2044 516 2127; x_wconf 72' lang='lat' dir='ltr'>sorte</span> <span class='ocrx_word' id='word_1_124' title='bbox 531 2044 637 2108; x_wconf 87' lang='lat' dir='ltr'>videor</span> <span class='ocrx_word' id='word_1_125' title='bbox 657 2043 740 2126; x_wconf 72' lang='lat' dir='ltr'>pter,</span> <span class='ocrx_word' id='word_1_126' title='bbox 759 2043 847 2124; x_wconf 79' lang='lat' dir='ltr'>quim</span> <span class='ocrx_word' id='word_1_127' title='bbox 865 2060 946 2107; x_wconf 65' lang='lat' dir='ltr'>cete,</span> 
     </span>
     <span class='ocr_line' id='line_1_23' title="bbox 253 2123 943 2209; baseline 0.003 -24"><span class='ocrx_word' id='word_1_128' title='bbox 253 2127 297 2198; x_wconf 92' lang='lat' dir='ltr'>ri,</span> <span class='ocrx_word' id='word_1_129' title='bbox 317 2130 365 2206; x_wconf 89' lang='lat' dir='ltr'>qui</span> <span class='ocrx_word' id='word_1_130' title='bbox 383 2128 484 2209; x_wconf 73' lang='lat' dir='ltr'>reque,</span> <span class='ocrx_word' id='word_1_131' title='bbox 502 2144 589 2208; x_wconf 86' lang='lat' dir='ltr'>atque</span> <span class='ocrx_word' id='word_1_132' title='bbox 609 2147 687 2208; x_wconf 85' lang='lat' dir='ltr'>ego,</span> <span class='ocrx_word' id='word_1_133' title='bbox 703 2123 766 2186; x_wconf 88' lang='lat' dir='ltr'>sunt</span> <span class='ocrx_word' id='word_1_134' title='bbox 784 2126 943 2204; x_wconf 83' lang='lat' dir='ltr'>oecupnti,</span> 
     </span>
     <span class='ocr_line' id='line_1_24' title="bbox 253 2203 944 2280; baseline 0.001 -17"><span class='ocrx_word' id='word_1_135' title='bbox 253 2206 360 2266; x_wconf 82' lang='lat' dir='ltr'>uersari</span> <span class='ocrx_word' id='word_1_136' title='bbox 379 2208 408 2268; x_wconf 91' lang='lat' dir='ltr'>in</span> <span class='ocrx_word' id='word_1_137' title='bbox 428 2207 520 2268; x_wconf 84' lang='lat' dir='ltr'>studio</span> <span class='ocrx_word' id='word_1_138' title='bbox 542 2211 721 2278; x_wconf 80' lang='lat' dir='ltr'>litterarum,</span> <span class='ocrx_word' id='word_1_139' title='bbox 738 2204 781 2265; x_wconf 85' lang='lat' dir='ltr'>hir</span> <span class='ocrx_word' id='word_1_140' title='bbox 794 2203 944 2280; x_wconf 65' lang='lat' dir='ltr'>deterres,</span> 
     </span>
     <span class='ocr_line' id='line_1_25' title="bbox 252 2280 946 2364; baseline -0.001 -16"><span class='ocrx_word' id='word_1_141' title='bbox 252 2301 306 2348; x_wconf 77' lang='lat' dir='ltr'>eut</span> <span class='ocrx_word' id='word_1_142' title='bbox 323 2303 386 2347; x_wconf 89' lang='lat' dir='ltr'>utar</span> <span class='ocrx_word' id='word_1_143' title='bbox 404 2290 531 2349; x_wconf 89' lang='lat' dir='ltr'>omnino·</span> <span class='ocrx_word' id='word_1_144' title='bbox 541 2289 658 2359; x_wconf 76' lang='lat' dir='ltr'>litteris,</span> <span class='ocrx_word' id='word_1_145' title='bbox 670 2305 737 2364; x_wconf 78' lang='lat' dir='ltr'>quae</span> <span class='ocrx_word' id='word_1_146' title='bbox 752 2280 867 2345; x_wconf 78' lang='lat' dir='ltr'>nostros</span> <span class='ocrx_word' id='word_1_147' title='bbox 883 2289 946 2347; x_wconf 87' lang='lat' dir='ltr'>ani·</span> 
     </span>
     <span class='ocr_line' id='line_1_26' title="bbox 253 2364 945 2449; baseline 0.003 -22"><span class='ocrx_word' id='word_1_148' title='bbox 253 2386 320 2427; x_wconf 81' lang='lat' dir='ltr'>mos</span> <span class='ocrx_word' id='word_1_149' title='bbox 337 2367 503 2442; x_wconf 91' lang='lat' dir='ltr'>deterrent,</span> <span class='ocrx_word' id='word_1_150' title='bbox 518 2386 604 2449; x_wconf 83' lang='lat' dir='ltr'>atque</span> <span class='ocrx_word' id='word_1_151' title='bbox 619 2379 746 2429; x_wconf 73' lang='lat' dir='ltr'>avocent</span> <span class='ocrx_word' id='word_1_152' title='bbox 758 2386 775 2425; x_wconf 81' lang='lat' dir='ltr'>a</span> <span class='ocrx_word' id='word_1_153' title='bbox 789 2364 945 2446; x_wconf 78' lang='lat' dir='ltr'>religione.</span> 
     </span>
     <span class='ocr_line' id='line_1_27' title="bbox 252 2443 945 2530; baseline -0.012 -21"><span class='ocrx_word' id='word_1_154' title='bbox 252 2444 279 2509; x_wconf 81' lang='grc' dir='ltr'><em>Ε</em></span> <span class='ocrx_word' id='word_1_155' title='bbox 300 2470 319 2509; x_wconf 91' lang='lat' dir='ltr'>o</span> <span class='ocrx_word' id='word_1_156' title='bbox 337 2449 408 2510; x_wconf 73' lang='lat' dir='ltr'>uero</span> <span class='ocrx_word' id='word_1_157' title='bbox 429 2452 552 2530; x_wconf 77' lang='lat' dir='ltr'>primurn</span> <span class='ocrx_word' id='word_1_158' title='bbox 566 2447 662 2508; x_wconf 79' lang='lat' dir='ltr'>hrheo</span> <span class='ocrx_word' id='word_1_159' title='bbox 675 2443 807 2508; x_wconf 73' lang='lat' dir='ltr'>nudiores</span> <span class='ocrx_word' id='word_1_160' title='bbox 829 2467 862 2506; x_wconf 84' lang='lat' dir='ltr'>ac</span> <span class='ocrx_word' id='word_1_161' title='bbox 878 2468 945 2508; x_wconf 71' lang='lat' dir='ltr'>ma„</span> 
     </span>
     <span class='ocr_line' id='line_1_28' title="bbox 252 2468 942 2613; baseline 0 -25"><span class='ocrx_word' id='word_1_162' title='bbox 252 2468 355 2609; x_wconf 57' lang='lat' dir='ltr'>gidros</span> <span class='ocrx_word' id='word_1_163' title='bbox 378 2528 550 2613; x_wconf 76' lang='lat' dir='ltr'>religionum</span> <span class='ocrx_word' id='word_1_164' title='bbox 575 2525 788 2598; x_wconf 77' lang='lat' dir='ltr'>colendarum,</span> <span class='ocrx_word' id='word_1_165' title='bbox 812 2526 942 2607; x_wconf 73' lang='lat' dir='ltr'>majores</span> 
     </span>
     <span class='ocr_line' id='line_1_29' title="bbox 252 2605 943 2693; baseline 0.003 -26"><span class='ocrx_word' id='word_1_166' title='bbox 252 2609 367 2672; x_wconf 76' lang='lat' dir='ltr'>nostroe</span> <span class='ocrx_word' id='word_1_167' title='bbox 377 2631 387 2684; x_wconf 66' lang='grc' dir='ltr'><strong><em>ς</em></strong></span> <span class='ocrx_word' id='word_1_168' title='bbox 399 2630 521 2693; x_wconf 83' lang='lat' dir='ltr'>quorum</span> <span class='ocrx_word' id='word_1_169' title='bbox 536 2607 608 2669; x_wconf 88' lang='lat' dir='ltr'>mihi</span> <span class='ocrx_word' id='word_1_170' title='bbox 619 2624 699 2669; x_wconf 79' lang='lat' dir='ltr'>tanta</span> <span class='ocrx_word' id='word_1_171' title='bbox 711 2605 792 2667; x_wconf 87' lang='lat' dir='ltr'>fuisse</span> <span class='ocrx_word' id='word_1_172' title='bbox 805 2605 943 2688; x_wconf 78' lang='lat' dir='ltr'>sapientie</span> 
     </span>
     <span class='ocr_line' id='line_1_30' title="bbox 251 2687 945 2775; baseline 0.001 -28"><span class='ocrx_word' id='word_1_173' title='bbox 251 2689 385 2766; x_wconf 76' lang='lat' dir='ltr'>uidetur,</span> <span class='ocrx_word' id='word_1_174' title='bbox 408 2708 440 2753; x_wconf 92' lang='lat' dir='ltr'>ut</span> <span class='ocrx_word' id='word_1_175' title='bbox 455 2689 519 2756; x_wconf 75' lang='lat' dir='ltr'>satir</span> <span class='ocrx_word' id='word_1_176' title='bbox 534 2688 677 2775; x_wconf 77' lang='lat' dir='ltr'>superque</span> <span class='ocrx_word' id='word_1_177' title='bbox 691 2687 852 2770; x_wconf 76' lang='lat' dir='ltr'>prudentes</span> <span class='ocrx_word' id='word_1_178' title='bbox 869 2691 945 2762; x_wconf 83' lang='lat' dir='ltr'>sint,</span> 
     </span>
     <span class='ocr_line' id='line_1_31' title="bbox 251 2767 945 2854; baseline -0.001 -27"><span class='ocrx_word' id='word_1_179' title='bbox 251 2771 302 2844; x_wconf 82' lang='lat' dir='ltr'>qui</span> <span class='ocrx_word' id='word_1_180' title='bbox 325 2771 442 2834; x_wconf 82' lang='lat' dir='ltr'>illorum</span> <span class='ocrx_word' id='word_1_181' title='bbox 466 2772 652 2854; x_wconf 83' lang='lat' dir='ltr'>prudentiam</span> <span class='ocrx_word' id='word_1_182' title='bbox 673 2792 733 2831; x_wconf 86' lang='lat' dir='ltr'>non</span> <span class='ocrx_word' id='word_1_183' title='bbox 754 2768 850 2835; x_wconf 80' lang='lat' dir='ltr'>dicant</span> <span class='ocrx_word' id='word_1_184' title='bbox 873 2767 945 2836; x_wconf 52' lang='lat' dir='ltr'>asse*</span> 
     </span>
     <span class='ocr_line' id='line_1_32' title="bbox 253 2848 944 2935; baseline 0 -23"><span class='ocrx_word' id='word_1_185' title='bbox 253 2848 323 2924; x_wconf 77' lang='lat' dir='ltr'>qui,</span> <span class='ocrx_word' id='word_1_186' title='bbox 343 2851 416 2926; x_wconf 85' lang='lat' dir='ltr'>sed,</span> <span class='ocrx_word' id='word_1_187' title='bbox 433 2874 539 2934; x_wconf 82' lang='lat' dir='ltr'>quanta</span> <span class='ocrx_word' id='word_1_188' title='bbox 556 2852 642 2916; x_wconf 86' lang='lat' dir='ltr'>fuerit</span> <span class='ocrx_word' id='word_1_189' title='bbox 658 2897 669 2924; x_wconf 84' lang='lat'>‚</span> <span class='ocrx_word' id='word_1_190' title='bbox 686 2850 849 2935; x_wconf 85' lang='lat' dir='ltr'>perspicere</span> <span class='ocrx_word' id='word_1_191' title='bbox 871 2871 944 2934; x_wconf 71' lang='lat' dir='ltr'>por·</span> 
     </span>
    </p>
   </div>
   <div class='ocr_carea' id='block_1_6' title="bbox 253 2927 948 3016">
    <p class='ocr_par' dir='ltr' id='par_1_6' title="bbox 253 2927 948 3016">
     <span class='ocr_line' id='line_1_33' title="bbox 253 2927 948 3016; baseline 0.029 -29"><span class='ocrx_word' id='word_1_192' title='bbox 253 2927 331 3001; x_wconf 66' lang='lat' dir='ltr'>eurr</span> <span class='ocrx_word' id='word_1_193' title='bbox 354 2934 404 3013; x_wconf 80' lang='lat' dir='ltr'>qui</span> <span class='ocrx_word' id='word_1_194' title='bbox 422 2932 506 2997; x_wconf 73' lang='lat' dir='ltr'>staur</span> <span class='ocrx_word' id='word_1_195' title='bbox 522 2931 711 3016; x_wconf 77' lang='lat' dir='ltr'>solennesqur</span> <span class='ocrx_word' id='word_1_196' title='bbox 732 2934 948 3013; x_wconf 57' lang='lat' dir='ltr'>ceremoniam</span> 
     </span>
    </p>
   </div>
   <div class='ocr_carea' id='block_1_7' title="bbox 0 0 1064 3942">
    <p class='ocr_par' dir='ltr' id='par_1_7' title="bbox 0 0 1064 3942">
     <span class='ocr_line' id='line_1_34' title="bbox 0 0 1064 3942; baseline 0 0"><span class='ocrx_word' id='word_1_197' title='bbox 0 0 1064 3942; x_wconf 95' lang='lat' dir='ltr'> </span> 
     </span>
    </p>
   </div>
  </div>
 </body>
</html>
