2117 3942
279 389 355 475 502
499 373 718 444 ORA'Tto

275 494 341 552 rari>
360 491 429 572 grati
448 489 582 552 homines
604 490 803 568 reperiantur,
824 488 948 563 idcirco,

274 593 363 652 quum
381 590 428 631 me
448 573 567 630 nimiitm
585 587 697 651 gratum
713 568 755 626 illi
773 566 832 629 ess'e
847 571 947 643 dicant,

274 653 304 709 id
326 652 396 710 mihi
413 648 594 710 criminosum
609 647 665 708 effe
678 651 791 728 possit:
806 669 872 729 quae
884 651 945 711 verb

274 733 313 789 ita
322 730 384 790 sunt
396 732 498 812 agitata
509 730 545 789 ab
556 731 609 788 inis
621 772 630 801 ,
650 743 681 786 ut
698 745 746 786 aut
759 727 945 790 mediocres

273 809 382 870 Plancii
408 831 475 891 erga
500 831 548 870 me
574 811 686 868 minora
712 806 770 867 esse
802 809 942 880 dicerent,

274 891 361 971 qudm
383 911 400 949 a
424 911 476 950 me
493 889 555 970 ipso
577 889 801 968 praedicarentur
813 886 827 960 ,'
849 888 945 963 aut,si
979 920 980 927 κ

272 969 364 1032 essent
381 970 507 1043 summa,
523 987 662 1051 negarent
673 984 708 1026 ea
725 985 828 1028 tamen
841 971 881 1029 ita
892 987 944 1028 rna·

237 1120 239 1123 v
274 1054 343 1131 gni,
362 1067 393 1108 ut
410 1070 467 1131 ego
485 1068 635 1130 putarem,
646 1047 792 1186 ‘ponderis
807 1050 884 1130 apud
896 1067 940 1108 vos

274 1129 331 1190 esse
348 1130 455 1191 debere
469 1150 478 1200 ;
492 1131 553 1189 haec
567 1129 635 1189 mihi
658 1144 708 1186 unt
723 1127 940 1201 tradendam·

274 1210 372 1283 dices,
385 1211 416 1268 δι
433 1209 568 1282 modice,
586 1227 622 1269 ne
634 1207 702 1289 quid
713 1206 776 1288 ipse
788 1208 937 1278 offendam

275 1292 308 1349 &
327 1307 389 1349 turn
403 1289 549 1369 denique,
567 1309 654 1369 quum
669 1286 852 1367 respondero
863 1290 939 1349 crini·

273 1368 377 1442 nibus,
396 1389 433 1428 ne
452 1386 590 1428 nontam
609 1369 776 1427 innocentid
797 1387 865 1430 reus
885 1367 939 1440 sni,

292 1449 358 1506 uim
381 1449 584 1508 recordatione
608 1467 743 1508 meorum
763 1464 940 1531 temporem,

270 1470 403 1586 defensus
423 1525 479 1587 esse
497 1527 641 1587 videatur.

315 1625 340 1684 5.
360 1605 418 1666 Sed
443 1607 511 1667 mihi
527 1611 557 1666 in
575 1606 657 1666 causa
675 1605 775 1681 sacili,
793 1626 881 1690 atque
895 1626 939 1668 ex·

269 1685 394 1768 plicari,
415 1686 607 1766 perdifficilis,
623 1687 765 1760 ¹iudices,
788 1690 823 1748 δι
844 1691 938 1750 lubrica
979 1754 980 1772 χ

269 1766 445 1827 defensionis
459 1771 531 1827 ratio
548 1789 581 1848 pr
625 1771 737 1826 onit'ur:
749 1788 840 1841 narn,
855 1771 939 1828 sitan·

268 1848 423 1907 turninodo
441 1848 510 1906 mihi
527 1867 600 1907 nece
623 1866 640 1916 e
660 1841 730 1906 esset
748 1867 853 1908 contra
865 1848 940 1908 Late·
979 1856 980 1860 ’

269 1926 381 1986 rensem
403 1928 523 1997 dicere,
540 1944 639 1986 tamen
665 1926 695 1985 id
717 1925 814 2004 ipsum
838 1927 903 1989 esset
915 1929 938 1985 in

269 2024 352 2066 tanto
366 2006 415 2066 usu
429 2006 545 2078 nostro,
559 2023 694 2086 tantaque
704 2008 835 2067 amicitia
847 2008 938 2068 moles·
979 2062 980 2071 ,

268 2103 331 2145 turn
344 2107 351 2144 ε
365 2103 448 2146 vetus
460 2089 536 2148 enirn
550 2086 590 2146 est
608 2086 654 2145 lex
672 2085 719 2144 illa
733 2082 837 2164 justae,
856 2108 936 2149 veter

268 2185 325 2243 que
344 2168 493 2240 amicitiae,
513 2187 575 2246 quae
594 2167 662 2224 mihi
682 2186 750 2225 curn
771 2167 824 2227 illo
842 2166 936 2248 jamdiu

267 2242 328 2314 est,
346 2261 377 2300 ut
397 2246 475 2305 idem
492 2248 576 2304 arnici
593 2245 705 2324 semper
723 2247 841 2319 velint;
856 2267 890 2308 ne
922 2263 936 2305 e

194 2326 202 2370 ι’
267 2321 307 2382 est
320 2322 408 2381 ullum
419 2326 522 2383 certius
533 2326 663 2383 amicitiae
674 2326 846 2402 vinculum,
863 2348 897 2408 qu

266 2401 433 2476 consensus,
448 2404 480 2461 &
495 2402 616 2463 societas
626 2404 833 2480 consiliorum,
850 2409 934 2467 &vo-

266 2485 416 2542 luntatnnr.
438 2481 511 2541 Mihi
528 2501 624 2544 autent
636 2504 696 2543 non
716 2487 811 2545 modi>
824 2485 934 2547 idestin

264 2565 318 2623 hac
337 2583 368 2622 re
381 2562 631 2637 molestissimum,
645 2581 747 2624 contra
765 2565 849 2626 illum
867 2567 935 2625 dice·

267 2664 319 2714 re,
338 2641 387 2702 sed
411 2644 504 2702 multi>
524 2644 594 2702 illud
621 2645 731 2724 magis,
753 2647 835 2725 quod
859 2648 888 2706 in
907 2661 933 2705 et

266 2722 347 2781 causa
364 2723 464 2782 contri
479 2723 634 2783 dicendum
654 2723 718 2797 est,
741 2726 771 2783 in
794 2747 853 2806 qua
866 2745 933 2806 que·

266 2800 334 2859 darn
357 2801 507 2863 hominum
527 2802 653 2884 ipsorum
676 2803 792 2867 videtur
813 2802 932 2867 facienda

265 2879 323 2940 else
344 2886 503 2946 contentio.
