2117 3942
249 380 326 516 38o
373 417 443 484 Dr
467 415 796 508 Pnorcrrrcrrr

187 592 202 611 ,
268 551 372 591 uorum⁴
393 529 563 592 audioritate
588 528 667 587 illam
694 523 933 609 conjundlionet'n

298 611 364 671 saris
381 610 501 692 defugi,
517 608 605 670 Julias
624 609 726 689 leges,
745 609 778 668 &
795 624 932 684 ceteras,·

245 691 296 751 illo
317 689 457 765 consule,
479 711 514 749 ro
535 707 616 761 atas,
636 686 699 767 jure
712 689 783 748 latas
797 696 932 770 negant:

244 771 333 831 iidem
355 771 433 831 illam
459 710 699 851 proderiptionem
722 771 824 850 capitis
849 770 934 844 mein

245 869 346 911 contra
360 849 481 911 salutent
499 852 540 910 rei
562 849 684 920 ublicae,
698 847 747 909 sed
763 849 849 910 salvis
865 870 936 910 auo-

245 933 565 1072 Fdidiirdmffddddiitdtee
593 926 936 1090 dldtiililtdtellddpdueirtidir

569 1053 579 1081 2
922 1054 933 1085 2

248 1091 318 1152 dixit
339 1094 488 1173 graviter,
510 1088 604 1149 casum
626 1089 706 1148 illum
726 1109 826 1151 meum
848 1089 934 1150 fumis

156 1222 159 1227 .
248 1170 306 1232 effe
324 1171 515 1251 reipublice·⁹
534 1168 583 1229 sed
603 1166 690 1228 funus
710 1165 815 1246 justum
832 1171 866 1230 &
884 1173 934 1229 in-

249 1251 366 1311 dietum.
380 1251 455 1310 Mihi
467 1252 520 1329 ipsi
537 1250 658 1308 omnino
670 1247 934 1328 perhonorificum,

251 1330 396 1391 discessum
408 1350 507 1391 meum
521 1329 605 1388 funus
617 1328 673 1388 dici
684 1331 860 1410 reipublice.
874 1330 936 1392 Re·

248 1410 326 1492 liqna
344 1432 404 1471 uon
423 1409 608 1490 reprehendo
630 1430 639 1482 ;
659 1408 708 1469 sed
732 1412 803 1471 milti
821 1411 860 1471 ad
878 1411 933 1486 id,

251 1489 333 1572 quod
349 1489 463 1562 sentio,
485 1487 594 1548 allumo
606 1510 622 1547 τ·
634 1509 724 1561 narn,
739 1492 763 1548 si
782 1491 855 1552 illud
872 1488 937 1569 jure

248 1586 386 1652 togatum
412 1569 509 1631 dicere
538 1571 598 1628 ausi
628 1568 717 1639 sunt,
785 1571 825 1631 od
853 1572 937 1632 nullo

248 1651 386 1733 exemplo
397 1648 459 1711 fieri
468 1651 584 1791 potuit,
595 1649 674 1709 nulla
684 1650 749 1731 lege
770 1653 857 1726 icuit,
868 1655 938 1734 quia

249 1752 340 1793 nemo
365 1732 402 1792 de
421 1753 467 1793 coe
479 1754 498 1792 o
515 1729 663 1803 servarat3
685 1730 809 1794 oblitine
830 1750 936 1809 crant,=

248 1829 332 1886 tum,
351 1832 440 1893 quum
457 1813 524 1884 ille,
543 1814 595 1896 qui
609 1812 778 1892 idegerat,
801 1813 937 1894 plebeius

252 1893 294 1954 est
315 1894 381 1975 lege
398 1894 503 1966 curiati
520 1891 630 1963 lacius,
651 1891 706 1949 dici
727 1892 765 1952 de
783 1894 861 1953 coelo
878 1892 936 1955 elle

251 1972 415 2035 servatum?
428 1976 476 2052 qui
490 1975 512 2030 si
525 1972 655 2059 plebeius
667 1973 789 2033 omnino
802 1972 861 2034 esse
874 1994 937 2035 nou

249 2057 364 2136 potuit,
375 2054 422 2134 qui
436 2052 669 2132 tribunusplebis
682 2055 777 2131 potuit
791 2052 871 2114 elle?
884 2055 935 2127 ἀ,

252 2131 333 2210 cujus
344 2134 501 2192 tribunatus
512 2134 535 2190 si
547 2150 621 2190 ratus
632 2130 689 2204 est,
699 2133 768 2191 nihil
780 2132 841 2208 est,
854 2134 936 2215 quod

250 2213 359 2270 irritum
378 2231 415 2272 ex
436 2212 504 2271 aclis
528 2210 647 2270 Caesaris
664 2214 756 2290 possit
776 2213 835 2275 elle
850 2235 860 2286 ;
873 2212 935 2292 ejut'

251 2311 313 2350 non
337 2289 428 2349 solbm
451 2291 634 2362 tribunatus,
650 2291 699 2351 sed
725 2294 813 2352 etiam
834 2297 937 2375 perui*

252 2371 416 2429 ciosissimae
427 2389 471 2429 res
483 2413 492 2442 ,
508 2370 699 2449 auspiciorum
709 2373 853 2455 religione
864 2374 936 2435 coni

250 2449 386 2522 servata,
402 2447 465 2528 jure
483 2450 547 2509 latae
561 2451 758 2511 videbuntur?

291 2531 342 2606 46.
363 2529 465 2609 Quare
488 2548 536 2590 aut
557 2530 643 2591 vobis
667 2529 851 2592 statuendum
873 2531 935 2608 eil-3

250 2612 348 2749 lespem
362 2611 467 2672 AEliam
483 2632 622 2684 manere,
639 2612 736 2750 1er
750 2611 862 2672 Fufiam
875 2634 934 2673 non

251 2712 268 2750 e
292 2713 307 2751 e
323 2693 511 2774 abrogatam,
526 2714 586 2751 non
599 2695 678 2751 omni
699 2713 732 2750 us
746 2691 824 2752 fastis
840 2695 933 2775 legem

250 2769 318 2829 ferri
333 2773 442 2833 licere:
462 2793 551 2853 quum
573 2774 621 2833 lex
639 2771 775 2845 feratur,
799 2773 837 2833 de
859 2774 933 2833 coelo

249 2847 376 2930 servari,
393 2853 575 2929 obnuntiati,
589 2853 730 2916 intercedi
746 2852 854 2917 licere:
869 2873 934 2918 ceu·
