2117 3942
252 340 303 434 78
392 350 396 357 ·
438 335 706 406 .0nArro

250 448 397 548 temejus
416 444 451 513 se
463 443 543 549 nesse
561 447 807 546 petsoqriidixitt
827 469 939 548 nornen

254 534 334 596 Sexti
357 531 501 614 Propenu
526 533 656 594 detulit:
682 530 812 593 accusare
837 534 940 594 alrenae

158 646 163 652 ·
253 615 472 689 damnationis,
491 608 660 696 sedemque
678 611 773 673 socios
787 632 938 696 ,propter

254 695 405 758 calumnia
419 711 552 769 metum,
564 714 627 754 non
643 690 689 754 est·
696 691 788 757 austu.
876 736 881 741 -

299 794 345 858 50.
362 774 414 837 De
427 768 654 859 baeiginulege
664 773 804 848 dicimus,
815 793 879 856 quae
890 772 938 855 ju·

255 876 287 920 te
301 873 411 941 'rogata
431 857 589 931 videntum
612 851 697 939 ‘cujus
714 874 800 936 quam
820 855 942 996 (giispue

254 948 370 1081 {artent
385 939 503 1021 tetigit,
513 937 623 1020 digito,
637 953 739 1031 voco,
750 935 844 1030 prad·
856 980 867 1009 ,
895 937 940 997 uf·

254 1016 941 1182 ,isimssuss‘issiiffit‚spissim

255 1179 359 1263 scripta
375 1178 417 1241 est
433 1178 483 1240 ista
501 1179 609 1261 proscri
643 1180 693 1252 '0‚
710 1194 741 1239 ut
754 1178 783 1240 se
800 1177 861 1260 ipsa
881 1178 942 1239 dis·

255 1259 378 1322 solvat?
398 1258 442 1321 est
452 1261 546 1335 enim,
657 1264 702 1321 M.
716 1261 825 1321 Tullius
834 1258 940 1339 firsfirm

252 1341 514 1422 finamsconsztltum
532 1342 662 1400 retulerit.
688 1339 718 1400 Si
738 1342 821 1422 igitur
843 1340 941 1401 retulit

256 1420 357 1482 falsum
375 1419 663 1493 senatusconsultum,
681 1436 742 1479 tum
755 1417 795 1481 est
808 1423 940 1504 rogatio,

257 1503 282 1560 si
293 1522 352 1562 non
362 1502 476 1575 retulit,
486 1502 564 1561 nulla
574 1499 625 1562 est.
640 1500 748 1561 Satisne
758 1502 811 1560 tibi
822 1502 940 1561 videtur

258 1581 390 1642 asenatu
410 1579 588 1660 judicatum,
609 1601 659 1641 me
682 1602 742 1639 non
766 1581 858 1641 modo
879 1603 939 1643 non

259 1663 432 1723 ementitum
445 1661 502 1723 effe
513 1661 713 1722 studiositatem
728 1658 790 1740 ejus
809 1661 940 1733 ordinis,

257 1739 410 1803 sedetiam
428 1763 519 1802 unum
537 1740 602 1823 post
619 1743 721 1801 urbem
731 1740 879 1802 conditam
899 1743 941 1802 di·

190 1830 193 1834 ’
257 1821 446 1905 ligentissime
462 1822 570 1883 senatui
586 1820 728 1902 paruisse?
747 1821 834 1900 Quot
844 1822 939 1883 modis

256 1902 374 1975 doceo,
395 1903 492 1986 legem
515 1901 615 1974 istam,
634 1921 721 1984 quarn
744 1923 835 1964 vocas
850 1946 861 1977 ,
877 1924 940 1964 non

256 1982 315 2046 esse
333 1984 450 2068 legem?
473 1984 583 2063 Quid,
605 1985 628 2042 si
649 1988 736 2045 etiam
755 1983 883 2064 pluribus
902 1983 940 2045 de

256 2065 344 2126 rebus
364 2084 424 2126 nno
446 2064 513 2124 scitu
532 2063 640 2125 tulisti?
661 2082 797 2125 tamenne
820 2065 941 2125 arbitra·

255 2145 319 2216 ris,
343 2143 394 2218 id,
417 2145 497 2227 quod
515 2145 561 2206 Μ.
581 2143 689 2205 Drusus
705 2146 734 2203 in
756 2144 868 2225 legibus
886 2144 940 2206 suis

254 2223 418 2365 ferisque,
432 2226 527 2285 bonus
540 2227 588 2286 ille
603 2228 668 2297 vir,
683 2223 730 2285 M.
742 2223 883 2297 Scaurus,
907 2227 941 2286 δι

287 2347 294 2365 .
313 2302 427 2366 Crassus
445 2305 598 2367 consulatis
612 2327 674 2366 non
693 2304 890 2378 obtinuerint,
909 2307 941 2366 id

254 2403 288 2448 te
305 2384 405 2468 posse,
417 2388 549 2448 omnium
563 2387 723 2448 facinorum
734 2382 941 2466 &stuprorum

257 2469 389 2529 omnium
402 2512 412 2542 ,
425 2466 559 2530 Decimis
576 2469 609 2529 δι
627 2464 743 2528 Clodiis
753 2465 917 2528 audoribns
928 2511 941 2540 ,

254 2548 412 2612 obtinere?

298 2629 376 2727 Xis.
393 2627 497 2692 Tulisti
515 2628 552 2691 de
569 2646 618 2725 me
629 2673 638 2702 ,
651 2645 689 2689 ne
700 2629 939 2724 reciperet,nqn

256 2709 877 2875 sgrgxsmerffiiseslseffiensiffrssaemgusdteesissu
893 2708 940 2848 sss:

259 2870 363 2931 ceres?
380 2871 569 2939 damnatrun?
582 2873 661 2937 certi
673 2892 753 2937 non:
770 2869 941 2954 expulsum?
