2117 3942
276 422 380 496 Pno
410 431 559 498 Dono
584 447 690 500 svn.
763 445 817 525 59

141 540 276 628 publicam
291 557 414 602 annonae
428 546 547 607 nomine
560 548 588 606 in
602 543 633 604 id
647 540 818 622 discrimen,

140 630 189 709 qud
204 625 390 699 vocabatur,
407 645 468 684 non
488 625 544 686 ess'e
560 642 724 687 venturam.

171 703 278 767 VIII.
300 703 379 763 Num
393 705 480 785 igitur
493 709 521 765 in
534 708 590 767 hoc
603 704 720 782 officio,
733 709 815 787 quod

137 785 179 846 suit
215 784 342 867 raecipue
354 803 474 858 meum,
485 785 625 848 sentencia
638 800 703 847 m'ea
715 807 815 869 repre·

137 809 287 928 henditur?
312 863 391 925 Rem
408 868 565 926 maximam
586 869 677 948 eripui
693 889 712 926 a
733 868 813 949 peste

137 948 231 1009 summi
261 946 385 1028 periculi
411 989 422 1017 ,
445 966 506 1007 non
529 947 622 1008 solnm
644 967 707 1008 eam
729 993 740 1021 ‚
765 946 817 1009 sed

136 1032 217 1088 etiam
239 1047 297 1087 vos
318 1046 335 1086 a
353 1026 459 1101 caede,
480 1027 639 1100 incendiis,
663 1024 815 1089 vastitate:

135 1128 218 1170 nemo
243 1123 362 1190 negat:
389 1126 480 1188 quum
505 1109 542 1167 ad
564 1106 675 1168 causam
696 1110 818 1171 caritatis

135 1187 283 1249 accederet
296 1184 349 1246 isse
363 1186 382 1246 s
398 1186 529 1248 eculator
546 1189 745 1249 communium
762 1191 820 1248 mi·

133 1268 261 1330 seriarum
278 1313 289 1342 ,
308 1269 359 1407 {joi
375 1208 490 1348 iemper
506 1271 537 1328 in
552 1269 717 1352 reipublice
735 1269 819 1331 malis

85 1360 87 1365 '
133 1350 239 1411 sceleris
251 1347 293 1408 sni
322 1367 389 1408 aces
403 1349 595 1410 inflammarit.
617 1348 713 1432 Negat
728 1370 818 1431 opor·

133 1428 206 1492 tniss'e
222 1424 386 1512 quidquam
399 1431 448 1488 uni
462 1447 540 1489 encra
560 1429 692 1490 ordinem
711 1429 817 1491 decei-

133 1514 167 1571 ni.
184 1509 255 1571 Non
273 1508 337 1589 jam
349 1509 402 1568 tibi
417 1511 456 1569 sic
467 1509 670 1591 respondebo,
686 1528 718 1570 ut
734 1529 818 1586 cete-

133 1591 183 1665 ris;
202 1588 265 1652 Cn.
280 1589 427 1671 Pompeio
446 1589 588 1673 plurima,
605 1590 818 1671 periculosissi-

134 1691 195 1744 ma,
207 1672 358 1745 maxima,
370 1671 448 1729 terra
457 1675 584 1753 marique
595 1672 673 1732 bella
682 1687 761 1731 extra
771 1695 820 1734 or·

136 1754 227 1813 dinem
248 1746 309 1813 effe
334 1749 481 1811 commiffa
501 1773 508 1811 ε
532 1773 655 1892 guarum
672 1772 769 1813 rerum
794 1755 820 1813 si

137 1852 221 1912 quem
237 1835 385 1913 poeniteat
396 1876 406 1906 ,
418 1850 485 1892 eum
500 1835 529 1892 vi
559 1836 626 1892 oriae
642 1834 745 1914 populi
758 1831 823 1894 Ro·

142 1916 216 1973 mani
234 1914 382 1995 poenitere
398 1932 405 1971 :
426 1933 487 1972 non
504 1917 545 1971 ita
556 1932 654 1973 tecum
666 1935 733 1993 ago.

178 2011 226 2072 19.
244 1990 324 2054 Cum
346 1992 389 2052 his
409 1993 471 2051 haec
493 2015 509 2050 a
533 2013 581 2052 me
604 1993 706 2052 haberi
726 1995 821 2052 oratio

139 2070 250 2156 potest,
272 2075 381 2157 quiita
402 2071 547 2154 disputant
565 2117 574 2145 ‚
591 2072 641 2147 se,
661 2074 683 2130 si
702 2094 758 2153 qua
776 2094 823 2133 res

136 2156 170 2214 ad
181 2175 272 2215 unum
285 2152 447 2215 deferenda
461 2154 496 2212 sit
507 2199 517 2228 ,
529 2153 566 2212 ad
577 2149 635 2214 Cn.
647 2151 822 2234 Pompeium

139 2236 281 2297 delaturos
302 2236 485 2316 potissimiim
496 2254 507 2307 3
527 2233 577 2295 sed
589 2233 618 2296 se
637 2253 716 2294 extra
738 2237 822 2295 ordi-

139 2337 199 2378 nem
214 2316 292 2377 nihil
308 2317 444 2397 cuiquam
461 2315 549 2375 dare:
571 2336 659 2398 quum
676 2314 822 2397 Pompeio

85 2464 87 2481 Ι
139 2398 231 2458 datum
245 2400 306 2470 sit,
323 2396 354 2456 id
364 2395 392 2459 se
409 2417 464 2477 pro
482 2396 509 2455 di
532 2399 620 2457 nitate
636 2397 762 2456 hominis
775 2418 823 2456 οι-

136 2498 197 2540 nare
218 2498 256 2538 ac
275 2479 353 2537 tueri
372 2474 474 2537 solere.
522 2498 605 2537 omm
625 2497 683 2559 ego
704 2475 822 2535 semen·

135 2562 197 2619 tiam
215 2577 258 2620 ne
278 2556 398 2618 laudem
416 2601 426 2631 ,
446 2558 592 2640 impedior
612 2555 671 2617 Cn.
689 2554 825 2636 Pompeii

135 2638 311 2721 triumphi53
332 2637 434 2720 quibus
453 2636 522 2712 iile,
542 2658 633 2719 quum
651 2630 723 2697 esset
744 2656 825 2696 extra

135 2722 272 2781 ordinem
295 2718 332 2778 ad
347 2720 471 2801 patriam
495 2715 711 2778 defendendam
730 2737 824 2779 voca·

134 2818 172 2860 tus
183 2847 196 2873 ,
214 2802 303 2860 auxit
318 2820 428 2860 nomen
444 2798 548 2881 populi
565 2795 711 2873 Romani,
729 2799 767 2857 im
791 2819 824 2860 e·

133 2884 270 2964 riumque
290 2877 477 2941 honestavit:
500 2876 687 2939 constantiam
706 2821 823 2960 prodo,

134 2964 185 3045 qui
202 2963 284 3028 mihi
299 2980 418 3045 quoque
440 2959 580 3025 utendum
595 2958 676 3100 suite,
687 2981 756 3119 guo
776 2960 826 3018 ille
