<?xml version="1.0" encoding="UTF-8"?>
<!DOCTYPE html PUBLIC "-//W3C//DTD XHTML 1.0 Transitional//EN"
    "http://www.w3.org/TR/xhtml1/DTD/xhtml1-transitional.dtd">
<html xmlns="http://www.w3.org/1999/xhtml" xml:lang="en" lang="en">
 <head>
  <title>
</title>
<meta http-equiv="Content-Type" content="text/html;charset=utf-8" />
  <meta name='ocr-system' content='tesseract 3.04.00' />
  <meta name='ocr-capabilities' content='ocr_page ocr_carea ocr_par ocr_line ocrx_word'/>
</head>
<body>
  <div class='ocr_page' id='page_1' title='image "./mtulliiciceroni06lallgoog_0070.png"; bbox 0 0 2117 3942; ppageno 0'>
   <div class='ocr_carea' id='block_1_1' title="bbox 143 336 581 431">
    <p class='ocr_par' dir='ltr' id='par_1_1' title="bbox 143 336 581 431">
     <span class='ocr_line' id='line_1_1' title="bbox 143 336 581 431; baseline 0.002 -21"><span class='ocrx_word' id='word_1_1' title='bbox 143 336 194 431; x_wconf 74' lang='lat'>84</span> <span class='ocrx_word' id='word_1_2' title='bbox 365 337 581 429; x_wconf 76' lang='lat' dir='ltr'>Onmo</span> 
     </span>
    </p>
   </div>
   <div class='ocr_carea' id='block_1_2' title="bbox 85 450 833 2938">
    <p class='ocr_par' dir='ltr' id='par_1_2' title="bbox 85 450 830 1490">
     <span class='ocr_line' id='line_1_2' title="bbox 142 450 829 538; baseline 0.007 -26"><span class='ocrx_word' id='word_1_3' title='bbox 142 453 299 513; x_wconf 85' lang='lat' dir='ltr'>vinciarum</span> <span class='ocrx_word' id='word_1_4' title='bbox 315 450 440 529; x_wconf 72' lang='lat' dir='ltr'>fredus,</span> <span class='ocrx_word' id='word_1_5' title='bbox 458 457 665 516; x_wconf 84' lang='lat' dir='ltr'>tetrarcharum</span> <span class='ocrx_word' id='word_1_6' title='bbox 677 475 711 516; x_wconf 88' lang='lat' dir='ltr'>ac</span> <span class='ocrx_word' id='word_1_7' title='bbox 722 473 829 538; x_wconf 81' lang='lat' dir='ltr'>regum</span> 
     </span>
     <span class='ocr_line' id='line_1_3' title="bbox 141 532 830 618; baseline 0.001 -24"><span class='ocrx_word' id='word_1_8' title='bbox 141 535 222 594; x_wconf 87' lang='lat' dir='ltr'>bona</span> <span class='ocrx_word' id='word_1_9' title='bbox 243 532 342 613; x_wconf 89' lang='lat' dir='ltr'>spe&amp;</span> <span class='ocrx_word' id='word_1_10' title='bbox 364 537 482 595; x_wconf 65' lang='lat' dir='ltr'>avaritias</span> <span class='ocrx_word' id='word_1_11' title='bbox 500 535 692 609; x_wconf 73' lang='lat' dir='ltr'>devorasses,</span> <span class='ocrx_word' id='word_1_12' title='bbox 715 538 830 618; x_wconf 79' lang='lat' dir='ltr'>argenti</span> 
     </span>
     <span class='ocr_line' id='line_1_4' title="bbox 144 612 829 698; baseline 0.001 -24"><span class='ocrx_word' id='word_1_13' title='bbox 144 615 179 674; x_wconf 89' lang='lat'>&amp;</span> <span class='ocrx_word' id='word_1_14' title='bbox 196 612 376 694; x_wconf 69' lang='lat' dir='ltr'>supellesiilis</span> <span class='ocrx_word' id='word_1_15' title='bbox 392 635 464 675; x_wconf 85' lang='lat' dir='ltr'>meae</span> <span class='ocrx_word' id='word_1_16' title='bbox 482 617 638 698; x_wconf 87' lang='lat' dir='ltr'>cupiditate</span> <span class='ocrx_word' id='word_1_17' title='bbox 656 616 712 677; x_wconf 78' lang='lat' dir='ltr'>elle</span> <span class='ocrx_word' id='word_1_18' title='bbox 732 638 829 676; x_wconf 85' lang='lat' dir='ltr'>caeca-</span> 
     </span>
     <span class='ocr_line' id='line_1_5' title="bbox 143 694 827 777; baseline 0 -23"><span class='ocrx_word' id='word_1_19' title='bbox 143 712 233 755; x_wconf 85' lang='lat' dir='ltr'>tum:</span> <span class='ocrx_word' id='word_1_20' title='bbox 262 714 324 754; x_wconf 88' lang='lat' dir='ltr'>non</span> <span class='ocrx_word' id='word_1_21' title='bbox 349 694 510 770; x_wconf 86' lang='lat' dir='ltr'>existimo,</span> <span class='ocrx_word' id='word_1_22' title='bbox 536 696 721 777; x_wconf 88' lang='lat' dir='ltr'>Campanum</span> <span class='ocrx_word' id='word_1_23' title='bbox 743 697 827 755; x_wconf 89' lang='lat' dir='ltr'>illum</span> 
     </span>
     <span class='ocr_line' id='line_1_6' title="bbox 142 773 829 859; baseline 0 -24"><span class='ocrx_word' id='word_1_24' title='bbox 142 773 291 835; x_wconf 85' lang='lat' dir='ltr'>consulem</span> <span class='ocrx_word' id='word_1_25' title='bbox 303 795 369 834; x_wconf 91' lang='lat' dir='ltr'>cum</span> <span class='ocrx_word' id='word_1_26' title='bbox 386 774 519 838; x_wconf 85' lang='lat' dir='ltr'>saltatore</span> <span class='ocrx_word' id='word_1_27' title='bbox 532 779 665 859; x_wconf 83' lang='lat' dir='ltr'>collega,</span> <span class='ocrx_word' id='word_1_28' title='bbox 677 797 767 858; x_wconf 91' lang='lat' dir='ltr'>quum</span> <span class='ocrx_word' id='word_1_29' title='bbox 782 777 829 836; x_wconf 88' lang='lat' dir='ltr'>al-</span> 
     </span>
     <span class='ocr_line' id='line_1_7' title="bbox 142 853 828 930; baseline 0.003 -16"><span class='ocrx_word' id='word_1_30' title='bbox 142 857 196 914; x_wconf 90' lang='lat' dir='ltr'>teri</span> <span class='ocrx_word' id='word_1_31' title='bbox 213 870 306 915; x_wconf 86' lang='lat' dir='ltr'>totam</span> <span class='ocrx_word' id='word_1_32' title='bbox 322 853 464 916; x_wconf 82' lang='lat' dir='ltr'>Achaiam</span> <span class='ocrx_word' id='word_1_33' title='bbox 480 902 493 930; x_wconf 90' lang='lat'>,</span> <span class='ocrx_word' id='word_1_34' title='bbox 509 857 683 918; x_wconf 79' lang='lat' dir='ltr'>Thessaliam</span> <span class='ocrx_word' id='word_1_35' title='bbox 703 902 713 930; x_wconf 89' lang='lat'>‚</span> <span class='ocrx_word' id='word_1_36' title='bbox 732 855 828 916; x_wconf 84' lang='lat' dir='ltr'>Boeo-</span> 
     </span>
     <span class='ocr_line' id='line_1_8' title="bbox 141 933 828 1012; baseline 0.003 -17"><span class='ocrx_word' id='word_1_37' title='bbox 141 938 235 1009; x_wconf 83' lang='lat' dir='ltr'>tiam,</span> <span class='ocrx_word' id='word_1_38' title='bbox 256 933 420 1010; x_wconf 85' lang='lat' dir='ltr'>Graeciam,</span> <span class='ocrx_word' id='word_1_39' title='bbox 439 936 648 1000; x_wconf 89' lang='lat' dir='ltr'>Macedoniam</span> <span class='ocrx_word' id='word_1_40' title='bbox 658 982 668 1012; x_wconf 91' lang='lat'>,</span> <span class='ocrx_word' id='word_1_41' title='bbox 680 946 828 997; x_wconf 88' lang='lat' dir='ltr'>&#39;omnem-</span> 
     </span>
     <span class='ocr_line' id='line_1_9' title="bbox 85 1014 828 1097; baseline -0.001 -20"><span class='ocrx_word' id='word_1_42' title='bbox 85 1038 87 1046; x_wconf 63' lang='lat'><em>‘</em></span> <span class='ocrx_word' id='word_1_43' title='bbox 140 1035 200 1097; x_wconf 91' lang='lat' dir='ltr'>que</span> <span class='ocrx_word' id='word_1_44' title='bbox 225 1014 418 1091; x_wconf 76' lang='lat' dir='ltr'>Barbetium,</span> <span class='ocrx_word' id='word_1_45' title='bbox 447 1017 526 1078; x_wconf 86' lang='lat' dir='ltr'>bona</span> <span class='ocrx_word' id='word_1_46' title='bbox 550 1020 658 1079; x_wconf 88' lang='lat' dir='ltr'>civium</span> <span class='ocrx_word' id='word_1_47' title='bbox 674 1017 828 1077; x_wconf 88' lang='lat' dir='ltr'>Romano-</span> 
     </span>
     <span class='ocr_line' id='line_1_10' title="bbox 141 1095 829 1180; baseline 0 -24"><span class='ocrx_word' id='word_1_48' title='bbox 141 1117 208 1157; x_wconf 75' lang='lat' dir='ltr'>rum</span> <span class='ocrx_word' id='word_1_49' title='bbox 222 1095 411 1158; x_wconf 87' lang='lat' dir='ltr'>condonasses</span> <span class='ocrx_word' id='word_1_50' title='bbox 421 1119 432 1171; x_wconf 91' lang='lat'>·,</span> <span class='ocrx_word' id='word_1_51' title='bbox 443 1098 527 1158; x_wconf 90' lang='lat' dir='ltr'>alteri</span> <span class='ocrx_word' id='word_1_52' title='bbox 542 1098 680 1180; x_wconf 84' lang='lat' dir='ltr'>Syriam,</span> <span class='ocrx_word' id='word_1_53' title='bbox 693 1097 829 1177; x_wconf 90' lang='lat' dir='ltr'>Babylo·</span> 
     </span>
     <span class='ocr_line' id='line_1_11' title="bbox 141 1175 830 1260; baseline -0.001 -23"><span class='ocrx_word' id='word_1_54' title='bbox 141 1197 211 1237; x_wconf 88' lang='lat' dir='ltr'>nem</span> <span class='ocrx_word' id='word_1_55' title='bbox 230 1221 240 1250; x_wconf 93' lang='lat'>‚</span> <span class='ocrx_word' id='word_1_56' title='bbox 263 1175 381 1251; x_wconf 88' lang='lat' dir='ltr'>Persas,</span> <span class='ocrx_word' id='word_1_57' title='bbox 401 1180 599 1260; x_wconf 83' lang='lat' dir='ltr'>integerrimas</span> <span class='ocrx_word' id='word_1_58' title='bbox 618 1180 830 1260; x_wconf 88' lang='lat' dir='ltr'>pacatissimas·</span> 
     </span>
     <span class='ocr_line' id='line_1_12' title="bbox 143 1257 829 1339; baseline -0.003 -21"><span class='ocrx_word' id='word_1_59' title='bbox 143 1278 201 1338; x_wconf 88' lang='lat' dir='ltr'>que</span> <span class='ocrx_word' id='word_1_60' title='bbox 221 1273 323 1338; x_wconf 88' lang='lat' dir='ltr'>gentes</span> <span class='ocrx_word' id='word_1_61' title='bbox 339 1258 376 1316; x_wconf 88' lang='lat' dir='ltr'>ad</span> <span class='ocrx_word' id='word_1_62' title='bbox 392 1258 583 1339; x_wconf 88' lang='lat' dir='ltr'>diripiendum</span> <span class='ocrx_word' id='word_1_63' title='bbox 596 1257 775 1330; x_wconf 55' lang='lat' dir='ltr'>tradidissem</span> <span class='ocrx_word' id='word_1_64' title='bbox 792 1259 829 1316; x_wconf 91' lang='lat' dir='ltr'>il·</span> 
     </span>
     <span class='ocr_line' id='line_1_13' title="bbox 144 1337 830 1417; baseline 0.001 -20"><span class='ocrx_word' id='word_1_65' title='bbox 144 1339 191 1398; x_wconf 91' lang='lat' dir='ltr'>los</span> <span class='ocrx_word' id='word_1_66' title='bbox 209 1353 268 1397; x_wconf 87' lang='lat' dir='ltr'>tam</span> <span class='ocrx_word' id='word_1_67' title='bbox 282 1337 401 1417; x_wconf 88' lang='lat' dir='ltr'>cupidos</span> <span class='ocrx_word' id='word_1_68' title='bbox 416 1337 548 1398; x_wconf 88' lang='lat' dir='ltr'>liminum</span> <span class='ocrx_word' id='word_1_69' title='bbox 559 1359 714 1413; x_wconf 87' lang='lat' dir='ltr'>meorum,</span> <span class='ocrx_word' id='word_1_70' title='bbox 730 1339 764 1399; x_wconf 88' lang='lat'>&amp;</span> <span class='ocrx_word' id='word_1_71' title='bbox 776 1359 830 1398; x_wconf 89' lang='lat' dir='ltr'>co-</span> 
     </span>
     <span class='ocr_line' id='line_1_14' title="bbox 144 1417 656 1490; baseline 0.002 -12"><span class='ocrx_word' id='word_1_72' title='bbox 144 1418 327 1490; x_wconf 83' lang='lat' dir='ltr'>lumnarum,</span> <span class='ocrx_word' id='word_1_73' title='bbox 346 1418 380 1478; x_wconf 89' lang='lat'>&amp;</span> <span class='ocrx_word' id='word_1_74' title='bbox 398 1419 550 1478; x_wconf 86' lang='lat' dir='ltr'>valvarum</span> <span class='ocrx_word' id='word_1_75' title='bbox 566 1417 656 1480; x_wconf 69' lang='lat' dir='ltr'>fuisse.</span> 
     </span>
    </p>

    <p class='ocr_par' dir='ltr' id='par_1_3' title="bbox 142 1496 832 2463">
     <span class='ocr_line' id='line_1_15' title="bbox 187 1496 830 1579; baseline 0.003 -21"><span class='ocrx_word' id='word_1_76' title='bbox 187 1497 237 1558; x_wconf 88' lang='lat'>61.</span> <span class='ocrx_word' id='word_1_77' title='bbox 255 1496 360 1578; x_wconf 87' lang='lat' dir='ltr'>Neque</span> <span class='ocrx_word' id='word_1_78' title='bbox 372 1501 460 1579; x_wconf 78' lang='lat' dir='ltr'>porri&gt;</span> <span class='ocrx_word' id='word_1_79' title='bbox 476 1499 524 1559; x_wconf 90' lang='lat' dir='ltr'>illa</span> <span class='ocrx_word' id='word_1_80' title='bbox 540 1520 663 1573; x_wconf 87' lang='lat' dir='ltr'>manus,</span> <span class='ocrx_word' id='word_1_81' title='bbox 677 1499 830 1579; x_wconf 83' lang='lat' dir='ltr'>copiaeque</span> 
     </span>
     <span class='ocr_line' id='line_1_16' title="bbox 147 1575 832 1654; baseline 0 -15"><span class='ocrx_word' id='word_1_82' title='bbox 147 1575 310 1654; x_wconf 77' lang='lat' dir='ltr'>Catilinae,</span> <span class='ocrx_word' id='word_1_83' title='bbox 339 1582 484 1639; x_wconf 85' lang='lat' dir='ltr'>caementis</span> <span class='ocrx_word' id='word_1_84' title='bbox 515 1601 550 1640; x_wconf 86' lang='lat' dir='ltr'>ac</span> <span class='ocrx_word' id='word_1_85' title='bbox 579 1580 657 1640; x_wconf 91' lang='lat' dir='ltr'>testis</span> <span class='ocrx_word' id='word_1_86' title='bbox 684 1578 832 1639; x_wconf 69' lang='lat' dir='ltr'>tedorum</span> 
     </span>
     <span class='ocr_line' id='line_1_17' title="bbox 145 1657 831 1741; baseline 0 -21"><span class='ocrx_word' id='word_1_87' title='bbox 145 1679 281 1720; x_wconf 88' lang='lat' dir='ltr'>meorum</span> <span class='ocrx_word' id='word_1_88' title='bbox 297 1657 326 1719; x_wconf 94' lang='lat' dir='ltr'>se</span> <span class='ocrx_word' id='word_1_89' title='bbox 342 1657 449 1720; x_wconf 88' lang='lat' dir='ltr'>samem</span> <span class='ocrx_word' id='word_1_90' title='bbox 465 1659 544 1719; x_wconf 89' lang='lat' dir='ltr'>suam</span> <span class='ocrx_word' id='word_1_91' title='bbox 560 1661 724 1741; x_wconf 84' lang='lat' dir='ltr'>expleturas</span> <span class='ocrx_word' id='word_1_92' title='bbox 742 1676 831 1741; x_wconf 86' lang='lat' dir='ltr'>puta-</span> 
     </span>
     <span class='ocr_line' id='line_1_18' title="bbox 147 1722 831 1816; baseline -0.001 -14"><span class='ocrx_word' id='word_1_93' title='bbox 147 1755 264 1802; x_wconf 81' lang='lat' dir='ltr'>verunt.</span> <span class='ocrx_word' id='word_1_94' title='bbox 285 1722 361 1814; x_wconf 88' lang='lat' dir='ltr'>Sed,</span> <span class='ocrx_word' id='word_1_95' title='bbox 379 1757 411 1800; x_wconf 91' lang='lat' dir='ltr'>ut</span> <span class='ocrx_word' id='word_1_96' title='bbox 422 1738 546 1800; x_wconf 88' lang='lat' dir='ltr'>hostium</span> <span class='ocrx_word' id='word_1_97' title='bbox 563 1743 669 1816; x_wconf 88' lang='lat' dir='ltr'>urbes,</span> <span class='ocrx_word' id='word_1_98' title='bbox 683 1760 739 1800; x_wconf 88' lang='lat' dir='ltr'>nec</span> <span class='ocrx_word' id='word_1_99' title='bbox 759 1762 831 1801; x_wconf 91' lang='lat' dir='ltr'>om-</span> 
     </span>
     <span class='ocr_line' id='line_1_19' title="bbox 145 1818 830 1903; baseline 0 -23"><span class='ocrx_word' id='word_1_100' title='bbox 145 1822 227 1880; x_wconf 90' lang='lat' dir='ltr'>nium</span> <span class='ocrx_word' id='word_1_101' title='bbox 243 1818 385 1894; x_wconf 87' lang='lat' dir='ltr'>hostium,</span> <span class='ocrx_word' id='word_1_102' title='bbox 401 1823 504 1881; x_wconf 78' lang='lat' dir='ltr'>verium</span> <span class='ocrx_word' id='word_1_103' title='bbox 521 1843 644 1896; x_wconf 88' lang='lat' dir='ltr'>eorum,</span> <span class='ocrx_word' id='word_1_104' title='bbox 662 1819 830 1903; x_wconf 87' lang='lat' dir='ltr'>quibuscum</span> 
     </span>
     <span class='ocr_line' id='line_1_20' title="bbox 147 1900 831 1984; baseline -0.001 -23"><span class='ocrx_word' id='word_1_105' title='bbox 147 1901 284 1961; x_wconf 79' lang='lat' dir='ltr'>acerbum</span> <span class='ocrx_word' id='word_1_106' title='bbox 299 1901 409 1960; x_wconf 88' lang='lat' dir='ltr'>bellum</span> <span class='ocrx_word' id='word_1_107' title='bbox 427 1904 697 1984; x_wconf 79' lang='lat' dir='ltr'>internecivumque</span> <span class='ocrx_word' id='word_1_108' title='bbox 713 1900 789 1962; x_wconf 87' lang='lat' dir='ltr'>susce</span> <span class='ocrx_word' id='word_1_109' title='bbox 811 1904 831 1960; x_wconf 84' lang='lat' dir='ltr'>i·-</span> 
     </span>
     <span class='ocr_line' id='line_1_21' title="bbox 147 1923 832 2062; baseline 0 -21"><span class='ocrx_word' id='word_1_110' title='bbox 147 2002 239 2056; x_wconf 86' lang='lat' dir='ltr'>mus,</span> <span class='ocrx_word' id='word_1_111' title='bbox 259 2003 320 2042; x_wconf 89' lang='lat' dir='ltr'>non</span> <span class='ocrx_word' id='word_1_112' title='bbox 341 1981 437 2062; x_wconf 76' lang='lat' dir='ltr'>praedi</span> <span class='ocrx_word' id='word_1_113' title='bbox 453 1983 569 2044; x_wconf 71' lang='lat' dir='ltr'>addudli</span> <span class='ocrx_word' id='word_1_114' title='bbox 587 2030 598 2058; x_wconf 92' lang='lat'>,</span> <span class='ocrx_word' id='word_1_115' title='bbox 617 1983 668 2043; x_wconf 89' lang='lat' dir='ltr'>sed</span> <span class='ocrx_word' id='word_1_116' title='bbox 689 1982 760 2043; x_wconf 92' lang='lat' dir='ltr'>odio</span> <span class='ocrx_word' id='word_1_117' title='bbox 780 1923 832 2041; x_wconf 58' lang='lat' dir='ltr'>sg-</span> 
     </span>
     <span class='ocr_line' id='line_1_22' title="bbox 147 2062 832 2146; baseline 0.003 -25"><span class='ocrx_word' id='word_1_118' title='bbox 147 2062 242 2122; x_wconf 84' lang='lat' dir='ltr'>lemus</span> <span class='ocrx_word' id='word_1_119' title='bbox 258 2062 441 2136; x_wconf 88' lang='lat' dir='ltr'>exscindere,</span> <span class='ocrx_word' id='word_1_120' title='bbox 459 2064 557 2144; x_wconf 75' lang='lat' dir='ltr'>quod,</span> <span class='ocrx_word' id='word_1_121' title='bbox 572 2067 601 2124; x_wconf 90' lang='lat' dir='ltr'>in</span> <span class='ocrx_word' id='word_1_122' title='bbox 618 2084 692 2146; x_wconf 87' lang='lat' dir='ltr'>quos</span> <span class='ocrx_word' id='word_1_123' title='bbox 707 2079 832 2143; x_wconf 85' lang='lat' dir='ltr'>propter</span> 
     </span>
     <span class='ocr_line' id='line_1_23' title="bbox 147 2143 831 2204; baseline 0 0"><span class='ocrx_word' id='word_1_124' title='bbox 147 2161 251 2204; x_wconf 84' lang='lat' dir='ltr'>eorum</span> <span class='ocrx_word' id='word_1_125' title='bbox 278 2143 476 2204; x_wconf 88' lang='lat' dir='ltr'>crudelitatem</span> <span class='ocrx_word' id='word_1_126' title='bbox 505 2146 687 2204; x_wconf 78' lang='lat' dir='ltr'>inflammatae</span> <span class='ocrx_word' id='word_1_127' title='bbox 714 2159 831 2204; x_wconf 84' lang='lat' dir='ltr'>mentes</span> 
     </span>
     <span class='ocr_line' id='line_1_24' title="bbox 147 2219 831 2293; baseline -0.003 -11"><span class='ocrx_word' id='word_1_128' title='bbox 147 2220 253 2282; x_wconf 87' lang='lat' dir='ltr'>nostrae</span> <span class='ocrx_word' id='word_1_129' title='bbox 269 2219 405 2293; x_wconf 89' lang='lat' dir='ltr'>fuerunt,</span> <span class='ocrx_word' id='word_1_130' title='bbox 423 2245 489 2285; x_wconf 89' lang='lat' dir='ltr'>cum</span> <span class='ocrx_word' id='word_1_131' title='bbox 508 2225 615 2286; x_wconf 87' lang='lat' dir='ltr'>horum</span> <span class='ocrx_word' id='word_1_132' title='bbox 637 2226 723 2284; x_wconf 86' lang='lat' dir='ltr'>etiam</span> <span class='ocrx_word' id='word_1_133' title='bbox 746 2222 831 2281; x_wconf 68' lang='lat' dir='ltr'>tediis</span> 
     </span>
     <span class='ocr_line' id='line_1_25' title="bbox 142 2299 831 2387; baseline 0 -26"><span class='ocrx_word' id='word_1_134' title='bbox 142 2321 184 2361; x_wconf 85' lang='lat' dir='ltr'>-ac</span> <span class='ocrx_word' id='word_1_135' title='bbox 200 2299 311 2361; x_wconf 90' lang='lat' dir='ltr'>sedibus</span> <span class='ocrx_word' id='word_1_136' title='bbox 333 2302 458 2365; x_wconf 91' lang='lat' dir='ltr'>residere</span> <span class='ocrx_word' id='word_1_137' title='bbox 481 2305 602 2387; x_wconf 85' lang='lat' dir='ltr'>aliquod</span> <span class='ocrx_word' id='word_1_138' title='bbox 625 2303 734 2365; x_wconf 86' lang='lat' dir='ltr'>bellum</span> <span class='ocrx_word' id='word_1_139' title='bbox 755 2300 831 2362; x_wconf 90' lang='lat' dir='ltr'>sem-</span> 
     </span>
     <span class='ocr_line' id='line_1_26' title="bbox 146 2380 413 2463; baseline -0.007 -20"><span class='ocrx_word' id='word_1_140' title='bbox 146 2402 200 2463; x_wconf 86' lang='lat' dir='ltr'>per</span> <span class='ocrx_word' id='word_1_141' title='bbox 217 2380 341 2444; x_wconf 84' lang='lat' dir='ltr'>videtur.</span> <span class='ocrx_word' id='word_1_142' title='bbox 352 2383 413 2415; x_wconf 70' lang='lat'>*⁴²*</span> 
     </span>
    </p>

    <p class='ocr_par' dir='ltr' id='par_1_4' title="bbox 187 2466 421 2525">
     <span class='ocr_line' id='line_1_27' title="bbox 187 2466 421 2525; baseline 0.004 -1"><span class='ocrx_word' id='word_1_143' title='bbox 187 2467 249 2524; x_wconf 83' lang='lat' dir='ltr'>Dee</span> <span class='ocrx_word' id='word_1_144' title='bbox 282 2466 421 2525; x_wconf 67' lang='lat' dir='ltr'>notuistis·</span> 
     </span>
    </p>

    <p class='ocr_par' dir='ltr' id='par_1_5' title="bbox 141 2540 833 2938">
     <span class='ocr_line' id='line_1_28' title="bbox 186 2540 831 2619; baseline 0.005 -15"><span class='ocrx_word' id='word_1_145' title='bbox 186 2540 217 2604; x_wconf 87' lang='lat' dir='ltr'>X</span> <span class='ocrx_word' id='word_1_146' title='bbox 260 2543 320 2605; x_wconf 90' lang='lat' dir='ltr'>lV.</span> <span class='ocrx_word' id='word_1_147' title='bbox 342 2545 423 2606; x_wconf 89' lang='lat' dir='ltr'>Nihil</span> <span class='ocrx_word' id='word_1_148' title='bbox 441 2562 502 2607; x_wconf 90' lang='lat' dir='ltr'>erat</span> <span class='ocrx_word' id='word_1_149' title='bbox 518 2547 609 2608; x_wconf 87' lang='lat' dir='ltr'>latum</span> <span class='ocrx_word' id='word_1_150' title='bbox 625 2548 663 2609; x_wconf 91' lang='lat' dir='ltr'>de</span> <span class='ocrx_word' id='word_1_151' title='bbox 681 2567 729 2608; x_wconf 90' lang='lat' dir='ltr'>me</span> <span class='ocrx_word' id='word_1_152' title='bbox 743 2565 753 2619; x_wconf 93' lang='lat'>;</span> <span class='ocrx_word' id='word_1_153' title='bbox 769 2566 831 2607; x_wconf 87' lang='lat' dir='ltr'>non</span> 
     </span>
     <span class='ocr_line' id='line_1_29' title="bbox 145 2621 833 2706; baseline 0.007 -23"><span class='ocrx_word' id='word_1_154' title='bbox 145 2621 242 2687; x_wconf 74' lang='lat' dir='ltr'>adesse</span> <span class='ocrx_word' id='word_1_155' title='bbox 265 2646 343 2687; x_wconf 87' lang='lat' dir='ltr'>eram</span> <span class='ocrx_word' id='word_1_156' title='bbox 360 2625 445 2706; x_wconf 84' lang='lat' dir='ltr'>jussus</span> <span class='ocrx_word' id='word_1_157' title='bbox 465 2635 558 2699; x_wconf 83' lang='lat' dir='ltr'>;&#39;n0n</span> <span class='ocrx_word' id='word_1_158' title='bbox 581 2631 700 2688; x_wconf 88' lang='lat' dir='ltr'>citatus:</span> <span class='ocrx_word' id='word_1_159' title='bbox 726 2626 833 2688; x_wconf 86' lang='lat' dir='ltr'>abfue-</span> 
     </span>
     <span class='ocr_line' id='line_1_30' title="bbox 148 2705 833 2789; baseline 0.01 -29"><span class='ocrx_word' id='word_1_160' title='bbox 148 2723 211 2762; x_wconf 88' lang='lat' dir='ltr'>ram</span> <span class='ocrx_word' id='word_1_161' title='bbox 229 2727 239 2764; x_wconf 76' lang='lat' dir='ltr'>r</span> <span class='ocrx_word' id='word_1_162' title='bbox 262 2727 341 2767; x_wconf 89' lang='lat' dir='ltr'>eram</span> <span class='ocrx_word' id='word_1_163' title='bbox 359 2710 447 2770; x_wconf 88' lang='lat' dir='ltr'>etiam</span> <span class='ocrx_word' id='word_1_164' title='bbox 465 2724 515 2768; x_wconf 92' lang='lat' dir='ltr'>tuo</span> <span class='ocrx_word' id='word_1_165' title='bbox 532 2705 639 2789; x_wconf 78' lang='lat' dir='ltr'>judicio</span> <span class='ocrx_word' id='word_1_166' title='bbox 655 2709 725 2768; x_wconf 89' lang='lat' dir='ltr'>civis</span> <span class='ocrx_word' id='word_1_167' title='bbox 748 2709 833 2767; x_wconf 88' lang='lat' dir='ltr'>inco·</span> 
     </span>
     <span class='ocr_line' id='line_1_31' title="bbox 141 2780 831 2865; baseline 0.009 -25"><span class='ocrx_word' id='word_1_168' title='bbox 141 2780 251 2857; x_wconf 79' lang='lat' dir='ltr'>lunis,</span> <span class='ocrx_word' id='word_1_169' title='bbox 273 2807 361 2865; x_wconf 92' lang='lat' dir='ltr'>quum</span> <span class='ocrx_word' id='word_1_170' title='bbox 381 2789 485 2848; x_wconf 88' lang='lat' dir='ltr'>domus</span> <span class='ocrx_word' id='word_1_171' title='bbox 503 2791 534 2848; x_wconf 93' lang='lat' dir='ltr'>in</span> <span class='ocrx_word' id='word_1_172' title='bbox 555 2789 689 2863; x_wconf 87' lang='lat' dir='ltr'>Palatio,</span> <span class='ocrx_word' id='word_1_173' title='bbox 712 2788 780 2848; x_wconf 87' lang='lat' dir='ltr'>villa</span> <span class='ocrx_word' id='word_1_174' title='bbox 802 2790 831 2846; x_wconf 88' lang='lat' dir='ltr'>in</span> 
     </span>
     <span class='ocr_line' id='line_1_32' title="bbox 141 2852 830 2938; baseline 0.009 -14"><span class='ocrx_word' id='word_1_175' title='bbox 141 2852 341 2938; x_wconf 71' lang='lat' dir='ltr'>Tusculano,</span> <span class='ocrx_word' id='word_1_176' title='bbox 368 2869 457 2930; x_wconf 86' lang='lat' dir='ltr'>altera</span> <span class='ocrx_word' id='word_1_177' title='bbox 477 2869 515 2933; x_wconf 84' lang='lat' dir='ltr'>ad</span> <span class='ocrx_word' id='word_1_178' title='bbox 534 2872 658 2934; x_wconf 81' lang='lat' dir='ltr'>alterum</span> <span class='ocrx_word' id='word_1_179' title='bbox 682 2867 830 2932; x_wconf 81' lang='lat' dir='ltr'>consulem</span> 
     </span>
    </p>
   </div>
   <div class='ocr_carea' id='block_1_3' title="bbox 0 0 1067 3942">
    <p class='ocr_par' dir='ltr' id='par_1_6' title="bbox 0 0 1067 3942">
     <span class='ocr_line' id='line_1_33' title="bbox 0 0 1067 3942; baseline 0 0"><span class='ocrx_word' id='word_1_180' title='bbox 0 0 1067 3942; x_wconf 95' lang='lat' dir='ltr'> </span> 
     </span>
    </p>
   </div>
  </div>
 </body>
</html>
