2117 3942
267 348 370 440 264)
419 364 423 369 ·
490 342 718 414 Onu-rio

263 457 295 521 rb
316 458 409 520 multb
431 454 610 541 gravioribus
634 459 734 520 verbis
753 477 852 519 meam
881 475 953 522 rana·

264 539 344 614 sam,
364 540 450 621 qubm
473 561 592 623 egomet
613 541 650 600 de
669 561 717 599 me
729 559 815 620 agere
837 544 953 620 potuis*

264 620 323 681 fem
343 621 353 681 ἒ
373 621 475 680 summi
497 626 575 682 enim
595 625 693 701 po'e'rae
714 622 865 701 ingenium
891 642 952 682 non

265 699 357 760 solium
376 719 437 761 arte
456 699 530 775 sui,
548 701 703 762 sedetiam
726 701 831 760 dolore
852 705 952 781 expria

266 781 376 842 mebat.
402 783 481 869 Quid
491 784 590 842 enim?
605 783 653 861 qui
667 780 951 860 rempublicam-'cetto

264 863 355 936 animo
369 863 525 939 adjuverit,
532 865 653 940 statuerit
664 862 778 940 ,steterit
789 880 852 918 cum
862 864 952 922 Aclu'·

265 944 320 1003 vis.
339 940 497 1002 Vobiscum
517 963 565 1002 me
578 939 679 1002 stetisse
692 940 827 1013 dicebat,
839 939 950 1002 vestros

222 1061 225 1066 -
265 1022 383 1082 ordines
410 1021 623 1081 demonstrabat
650 1042 658 1079 :
685 1020 881 1080 revocabatur
911 1023 947 1083 ab

262 1104 414 1163 universis.
435 1106 477 1161 Re
496 1104 611 1174 dubie,
635 1122 683 1160 nec
696 1102 839 1160 'dubitarit
864 1103 948 1162 uuam

265 1181 377 1263 offrre,
395 1204 444 1240 nec
456 1184 542 1263 capiti
554 1183 712 1262 pepercerit.
740 1181 814 1240 Haec
837 1186 947 1261 quantis

264 1263 302 1322 ab
318 1262 368 1321 illo
381 1262 554 1321 clamoribus
570 1260 747 1344 agebantur?
764 1281 856 1341 quum
873 1259 953 1341 jarn‚‘

265 1340 367 1407 omisso
385 1339 482 1424 gestu,
496 1342 593 1402 verbis
610 1345 726 1421 poetae,
746 1341 779 1400 ἃ
793 1339 889 1400 studio
900 1363 947 1402 ac·

266 1424 365 1495 toris,
392 1423 424 1481 &
444 1420 648 1503 exspeetationi
673 1419 775 1482 nostrae
794 1421 947 1501 plaudere-

265 1502 331 1562 tur?
353 1507 490 1563 Summum
507 1506 623 1562 amicum
633 1547 643 1575 ,
650 1503 756 1582 stamme
771 1504 801 1560 in
816 1503 908 1563 bello.
923 1545 948 1565 ..

264 1581 361 1664 (nam
380 1582 450 1641 illud
470 1581 529 1662 ipse
550 1582 628 1642 asion
651 1580 829 1664 adjungebar
853 1586 954 1644 amico.

263 1665 362 1724 animo
380 1683 389 1735 ;
408 1661 583 1723 &fortassis
599 1662 744 1722 homines.
773 1679 876 1744 ropter
895 1665 948 1724 ali·

265 1744 346 1826 quod
358 1743 532 1804 desiderium
550 1684 777 1826 approbabantp)
790 1745 948 1824 sicmmoin·

182 1871 185 1876 .
263 1827 343 1908 genio
379 1827 508 1884 reditum.
565 1850 569 1865 ¹
795 1870 797 1875 .
942 1862 944 1871 1

307 1905 332 1964 L
376 1904 419 1965 II.
438 1903 516 1964 Tum
534 1905 603 1978 illa,
622 1921 732 1987 quanto
750 1925 816 1964 curn
838 1907 945 1987 gemitu

263 1985 366 2068 populi
391 1985 516 2045 Romani
535 1987 571 2046 ab
592 1986 700 2046 eodem
718 1985 805 2066 panib
828 1985 895 2065 post
917 1989 944 2045 in

265 2066 370 2125 eadem
384 2065 479 2124 sabula
491 2065 554 2125 sunt
567 2066 649 2125 assa?
664 2070 691 2126 0
705 2084 820 2146 pater..
831 2106 857 2126 ..
875 2065 944 2139 Me,

265 2165 314 2205 me
338 2146 386 2205 ille
407 2144 582 2220 absentem,
605 2164 637 2205 ut
657 2162 769 2228 patrem
789 2145 945 2225 deplorans

173 2287 175 2291 ,
266 2226 336 2283 dum
356 2241 492 2304 putarat,
514 2245 600 2307 quem
623 2226 666 2305 Q
692 2224 840 2296 Catulus,
860 2246 948 2308 quem·

263 2303 347 2364 multi
363 2304 410 2362 alii
433 2304 507 2387 saepe
528 2310 562 2364 in
588 2304 685 2366 senatu
710 2321 823 2387 patrem
847 2309 942 2388 patrie

264 2386 455 2445 nominarant.
492 2385 615 2464 Quanto
641 2407 707 2446 cum
732 2387 805 2446 fletu
830 2386 868 2446 de
892 2387 942 2446 illis

261 2463 366 2527 nostris
383 2465 520 2525 incendiis
539 2488 571 2525 ac
589 2467 700 2541 ruinis,
718 2488 809 2547 quum
832 2483 941 2547 patrem

264 2545 396 2629 pulsum,
412 2548 532 2625 patriam
544 2545 675 2607 afflisiam
689 2547 879 2626 deploraret,
892 2547 941 2606 do

262 2648 343 2688 mum
353 2625 496 2685 incensam
508 2627 695 2710 eversamque
704 2627 763 2688 ?·sic
772 2631 848 2709 egit,
858 2643 889 2686 ut
898 2625 941 2686 de·

262 2705 421 2768 monstrati
437 2705 552 2787 pristinas
569 2706 703 2783 fortuni,
720 2710 811 2788 quum
825 2706 854 2790 se
874 2727 941 2768 cone

264 2786 406 2864 vertisset,
427 2793 497 2849 Haec
516 2791 608 2851 omnia
627 2792 688 2855 vidi
705 2791 939 2870 inflationem...

263 2898 267 2903 ·
742 2917 744 2920 .
842 2869 939 2931 ssetum
