2117 3942
337 381 395 433 121
421 366 463 433 ι’.
489 362 737 436 Pisonem.
798 381 876 461 475

189 478 260 620 τί,
280 477 368 538 etiam
383 478 405 535 si
423 477 805 558 minusmagnumbellum
830 499 877 543 es·

220 575 288 630 rat,
307 572 339 616 ut
355 556 405 615 abs
422 572 451 616 te
469 555 575 617 disium
592 554 654 628 est,
671 575 771 620 tamen
789 561 798 618 i
824 580 876 621 um

189 640 337 698 honorem
351 636 599 697 contemnendum
616 640 810 719 nonputavit.
825 638 878 701 Tu

186 717 349 788 eruditior,
362 716 450 796 quim
467 715 553 789 Pis03
570 715 767 797 prudentior,
783 719 874 800 qudm

185 797 283 861 Cotta
294 818 304 870 3
317 796 510 857 abundantior
521 796 664 868 consilio,
678 799 797 879 ingenio
807 842 817 871 ‚
827 798 877 860 st·

187 877 298 960 pientii
315 921 325 950 ,
350 875 436 956 qudm
460 873 600 949 Crassus,
623 895 659 935 ea
677 880 841 938 contemnis
859 922 872 952 ,

209 980 254 1019 uae
272 957 312 1017 illi
329 956 449 1028 idiote,
470 972 503 1015 ut
519 973 550 1016 tu
569 955 716 1037 appellas,
731 957 875 1037 ,preclara

183 1080 186 1085 «
252 1051 346 1098 erunt.

230 1119 280 1196 ⁶5·
304 1113 437 1195 Quodsi
452 1111 640 1195 reprehendis
652 1113 761 1194 ,quiid
778 1115 878 1195 cupidi

186 1199 293 1260 laureae
310 1195 448 1265 fuerint,
472 1212 562 1275 quum
586 1191 730 1255 bellaam
752 1215 843 1274 parva
857 1234 876 1270 ,

186 1295 238 1341 aut
256 1276 333 1338 nulla
353 1271 520 1358 gessiiient;
537 1290 589 1346 tu,
605 1277 693 1335 tantis
711 1274 876 1336 nationibus

186 1358 329 1430 subestis,
346 1357 431 1416 tantis
447 1356 532 1415 rebus
545 1351 629 1436 gestis
637 1399 648 1426 ‚
665 1355 784 1415 minime
794 1354 876 1415 fruo-

178 1456 253 1500 -tum
276 1439 408 1498 laborum
427 1446 568 1507 tuorum,
588 1437 705 1514 praemia
727 1428 874 1516 periculo-

180 1540 275 1591 rum,
294 1518 405 1580 virtutis
420 1517 541 1598 insignia
555 1531 744 1577 contemnere
753 1515 875 1576 -debuia-

187 1603 220 1661 ti.
235 1597 283 1659 Ne
305 1618 341 1657 ue
354 1596 427 1657 verb
439 1593 656 1675 contempsisti,
667 1595 734 1657 licet
748 1595 786 1656 sis
795 1594 877 1659 The·

187 1677 273 1741 misti
285 1620 464 1759 sapientior,
476 1674 526 1735 sed
538 1695 572 1735 os
591 1691 672 1735 tuum
681 1675 808 1737 ferreum
827 1675 875 1739 se-

187 1758 274 1821 nattis
293 1758 428 1818 convicio
446 1755 594 1816 verberari
606 1753 727 1815 noluisti.
749 1755 815 1817 Jam
828 1759 877 1819 vi-

188 1841 263 1912 des,
280 1836 517 1925 quandoquidem
542 1837 582 1894 ita
605 1834 737 1905 mihimet
756 1835 797 1897 fui
818 1838 875 1896 ini-

188 1923 306 1993 micus,
321 1936 352 1978 ut
371 1936 419 1977 me
434 1933 534 1976 tecum
550 1935 769 1994 compararem,
783 1915 815 1977 &
830 1915 875 1976 di-

188 1996 313 2096 gressum
329 2018 427 2059 meum
437 2041 447 2069 ,
459 1997 491 2056 &
504 1993 682 2067 absentiam,
698 1997 730 2055 δι
748 1995 873 2056 reditum

187 2098 227 2141 rta
240 2079 327 2160 longe
338 2096 389 2138 tuo
398 2073 571 2156 praestitisse,
584 2090 617 2133 ut·
631 2075 702 2134 mihi
715 2074 761 2134 ilia
774 2075 875 2136 omnia

188 2157 387 2220 immortalem
406 2156 527 2236 gloriam
547 2153 707 2224 dederint,
728 2155 780 2215 tibi
796 2152 875 2215 sem·

188 2243 334 2323 piternam
359 2235 564 2318 turpitudinem
591 2235 754 2297 indixerint.
786 2233 874 2296 Nune

189 2323 277 2383 etiam
294 2320 322 2377 io
341 2317 394 2377 hac
411 2315 599 2398 quotidiana,
611 2314 873 2388 assidua,urbana·

189 2420 247 2482 que
265 2401 324 2458 vita
336 2397 521 2478 splendorem
538 2415 641 2469 tuum,
658 2398 778 2478 gratiam
790 2439 800 2470 ,
811 2414 874 2455 re·

189 2473 877 2556 lebritatem-domeiiicam,operamforensem,

189 2557 363 2628 consilium,
384 2557 519 2616 auxilium
529 2599 540 2628 ,
550 2585 552 2588 ⁴
562 2555 762 2614 audontatem
778 2597 789 2627 ,
805 2553 873 2614 seu·

188 2639 312 2700 tentiam
331 2634 522 2706 senatoriam,
542 2634 628 2694 nobis
644 2678 654 2706 ,
673 2651 744 2702 aut,
763 2650 796 2691 ut
818 2652 872 2694 ve·

189 2721 246 2780 riirs
266 2715 379 2788 dicam,
400 2717 534 2794 cuiquam
554 2733 584 2773 es
601 2711 819 2786 infirmissimo,
837 2733 871 2774 ec

189 2796 420 2943 desperatissimo
435 2794 631 2854 antelaturusi

267 2874 385 2940 XVII.
408 2874 500 2957 Age,
517 2871 628 2936 senatus
646 2872 709 2936 odit
722 2888 772 2947 te,
790 2871 872 2956 quod
