2117 3942
163 340 215 410 74
381 316 600 390 OaArro

161 431 259 496 Fuerls
270 431 335 493 saul
348 434 478 493 tribunus
489 434 583 514 plebis
592 450 653 495 tam
663 430 726 512 jure
737 481 748 510 ‚
758 437 859 518 quam·

161 514 247 594 lege,
263 513 351 595 quim
368 513 421 574 fuit
436 514 482 582 hic
499 515 558 596 ipse
573 514 698 588 Rullus,
713 517 759 576 vir
777 540 859 578 oma.

160 595 241 653 nibus
257 594 343 655 rebus
354 594 525 657 clarissimus
538 611 624 677 atque
636 598 845 676 amplissimust

162 681 220 753 qub
235 671 318 752 jure,
332 697 393 758 quo
406 695 490 738 more
503 722 513 751 ,
525 697 585 758 quo
597 678 734 758 exemplo
747 678 848 761 legem

158 755 332 896 1τιίιίιιιὸἰιιιιιὶιιι
348 756 386 831 de
408 757 502 841 capite
523 759 596 821 civis
615 757 777 831 indemnati
797 777 848 821 tui·

170 861 179 897 ι
202 858 230 904 ι,

201 914 315 977 XVII.
339 914 451 978 Vetant
473 916 553 999 leges
577 915 720 992 sacratae,
744 935 847 984 vetant

160 1015 234 1059 x11.
254 997 380 1072 tabulae‚
393 998 472 1080 leges
489 999 607 1079 privatis
626 999 792 1060 homiuibus
805 1003 847 1061 ir,

158 1080 272 1160 rogari:
285 1077 366 1141 idest
377 1081 455 1141 enim
465 1079 567 1161 privile
589 1082 666 1140 'uma
680 1100 770 1143 nemo
783 1098 847 1142 uuir
866 1118 885 1134 x

160 1180 248 1239 ¹quam
265 1159 349 1225 tulit:
363 1159 433 1228 nihil
451 1157 492 1219 est
509 1181 558 1218 cru
580 1161 673 1234 elius,
692 1161 761 1223 nihil
779 1181 847 1242 pere

160 1241 318 1312 niciosius,
337 1239 429 1312 nihil,
450 1239 531 1319 quod
549 1243 643 1300 minirs
665 1241 727 1300 haec
747 1243 846 1302 civitas

161 1319 236 1380 ferre
247 1321 349 1400 possit.
362 1318 579 1399 Proscriptionis
591 1320 780 1386 miserrimum
790 1343 847 1382 no.-

161 1420 230 1460 men
242 1399 333 1473 illud,
346 1401 378 1459 &
393 1402 486 1459 omnis
499 1402 640 1461 acerbitas
651 1400 760 1461 Sullani
770 1419 847 1462 tem·

160 1481 262 1560 poris,
279 1479 349 1563 quid
360 1480 468 1554 habet,
482 1481 563 1562 quod
581 1481 706 1541 maxime
723 1482 759 1540 sit
775 1485 848 1543 iusi·

161 1580 218 1642 gne
233 1559 277 1642 'ad
295 1563 469 1622 memoriam
491 1561 694 1625 crudelitatis?
714 1563 846 1643 opinor,

160 1661 279 1730 poeuam
292 1643 322 1702 in
336 1645 415 1703 cives
429 1641 581 1704 Romanos
596 1643 769 1706 nominatim
784 1647 847 1706 siue

162 1722 271 1803 judicio
288 1721 481 1785 constitutam.

204 1822 255 1878 44.
266 1803 352 1864 Hauc
364 1826 419 1866 vos
432 1806 538 1886 igitur,
553 1802 708 1865 Pontifices
717 1847 727 1876 ,
736 1801 846 1877 iudicio

164 1899 193 1944 at
214 1903 252 1947 ue
264 1884 432 1963 aulloritate
444 1883 539 1946 vestrl
552 1884 668 1945 tribuno
683 1884 774 1966 plebis
788 1906 852 1964 po·.

164 1905 297 2028 telatem
308 1966 409 2027 dabitis
420 2008 431 2041 ,
441 1982 473 2026 ιιι
482 1964 659 2048 proscribere
670 1967 762 2046 possit
771 1986 847 2045 quos
889 1985 892 1990 ¹

163 2046 256 2108 lelit?
311 2069 369 2109 aero
384 2050 483 2119 enim,
499 2047 568 2128 quid
582 2050 617 2107 sit
631 2046 708 2105 aliud
724 2044 849 2124 proscri-

164 2128 244 2187 bere.
295 2130 423 2202 uuims,
438 2144 616 2200 Juuams,
631 2144 661 2185 ut
672 2129 718 2186 M·
737 2128 848 2190 Tullius

166 2209 196 2267 in
210 2207 321 2268 civitate
336 2230 369 2267 ne
382 2209 440 2280 sit,
456 2208 580 2285 bonaque
594 2203 653 2285 ejus
666 2224 696 2265 ut
708 2208 847 2269 meatim.
882 2242 887 2248 ν

165 2286 211 2348 lta
225 2288 305 2348 enim
320 2285 412 2358 fecit,
428 2289 482 2346 etsi
498 2285 558 2346 aliis
571 2286 669 2348 verbis
685 2286 761 2346 tulit.
770 2288 848 2364 Hoc

165 2365 344 2450 plebiscitum
354 2366 394 2428 est
405 2367 416 2427 ἓ
429 2367 490 2426 haec
502 2365 571 2427 lex?
583 2367 649 2427 haec.
657 2369 773 2449 rogatio
786 2368 848 2430 estt

166 2452 223 2511 ltoc
236 2469 292 2512 vos
304 2450 365 2531 pati
377 2445 496 2531 potestis
506 2446 517 2508 ἓ
527 2448 585 2508 hoc
595 2446 671 2508 ferre
683 2450 803 2523 civitas,
815 2466 849 2524 up

166 2535 208 2592 sin
248 2530 268 2592 li
287 2533 365 2591 cives
386 2528 502 2610 singulis
522 2529 670 2590 versiculis
691 2548 709 2591 e
729 2530 851 2608 civitate

166 2614 211 2672 tol
222 2610 328 2673 antur?
344 2610 485 2694 Equidem
504 2606 564 2688 jam
583 2601 748 2691 perfunclus
765 2610 826 2670 sum
837 2631 852 2672 t·
879 2675 888 2689 ‚

168 2691 276 2752 nullam
289 2693 369 2768 vim,
383 2693 492 2753 nullum
504 2693 647 2773 impetum
661 2705 762 2751 metuo
775 2711 784 2764 ;
795 2711 848 2755 exe

167 2770 247 2850 plevi
256 2773 369 2834 animos
383 2771 550 2835 invidorum
561 2793 571 2845 ;
585 2772 698 2852 placavi
711 2772 779 2831 odia
791 2774 848 2841 ime

139 2863 141 2867 ’
166 2851 351 2931 proborum
372 2853 495 2927 saturavi
511 2855 597 2928 etiam
613 2850 770 2936 perfidiam
782 2897 792 2935 ‚
804 2854 847 2942 §p
