2117 3942
188 364 285 433 Pro
313 366 388 436 Cn.
413 365 649 435 Parucro.
695 322 780 458 501¹v

87 480 184 543 salutis
205 478 281 559 apud
294 498 346 538 eos
363 478 458 550 obsit,
476 482 585 559 quime
602 481 692 560 ipsum
711 505 774 544 ma·

87 562 167 622 xime
179 560 286 620 salvum
300 557 398 618 videre
411 559 566 619 voluerunt
582 581 591 631 ;
608 561 774 644 sepiusque,

88 640 226 712 Iudices,
243 639 313 697 mihi
327 641 407 697 venit
421 642 449 696 in
465 657 612 710 mentem,
629 643 773 703 admitan-

89 722 162 781 dum
179 717 256 790 effe,
270 717 315 777 M.
329 715 532 790 Laterensem,
549 719 697 781 hominem
714 721 789 783 stu-¹

89 802 286 861 diosissimum
302 797 334 856 δι
354 796 517 877 dignitatis,
534 797 565 857 &
582 797 672 858 salutis
683 822 775 877 meae,

88 901 173 943 reum
205 878 259 937 sibi
294 877 377 935 hunc·
402 877 583 957 potissimum
618 877 777 960 delegiffe,

89 961 180 1043 quim
194 956 403 1028 metuendum,
416 976 453 1016 ne
465 957 550 1016 vobis
565 957 595 1015 id
608 957 656 1018 ille
669 963 775 1043 magni

89 1043 207 1102 ratione
227 1035 323 1096 feciffe
339 1036 483 1095 videatur.

135 1136 163 1198 3.
178 1117 365 1196 Quamquam
384 1116 453 1175 mihi
463 1136 537 1174 -non
548 1114 630 1175 sumo
644 1132 776 1194 tanturn,

88 1199 229 1270 Judices,
249 1214 344 1276 neque
364 1217 487 1277 arrogo,
508 1213 539 1254 ut
556 1193 614 1255 Cn.
629 1196 777 1258 Plancium

89 1279 146 1341 suis
167 1297 236 1358 erga
254 1296 301 1335 nae
323 1278 432 1335 meritis
450 1277 651 1354 impunitatem
672 1278 775 1338 conse-

90 1375 226 1422 cuturum
251 1374 352 1436 putem
376 1377 383 1414 ε
404 1357 459 1415 nisi
478 1355 541 1434 ejus
563 1357 777 1438 integerrimam

90 1443 206 1510 vitam,
236 1433 462 1496 modestissimos
487 1457 609 1509 mores,
636 1436 777 1498 summam

88 1519 204 1590 fidem,
223 1518 427 1576 continentiam
440 1561 449 1590 ,
464 1519 622 1597 pietatem,
636 1520 779 1577 innocen-

91 1603 185 1672 tiam,
201 1595 354 1656 0stender0
364 1615 373 1665 ;
384 1596 452 1654 nihil
466 1596 503 1655 de
517 1617 604 1675 poena
619 1597 774 1658 recusabo:

94 1682 141 1740 sin
167 1679 266 1737 omnia
288 1673 468 1754 praestitero,
493 1695 557 1755 quae
578 1674 640 1733 sunt
660 1698 675 1735 a
692 1678 778 1738 bonis

91 1761 163 1822 viris
184 1755 369 1836 expetenda;
387 1772 483 1834 petam
498 1775 515 1813 a
532 1753 779 1830 vobis,Judices,

90 1855 148 1912 ut,
168 1834 248 1914 cujus
261 1834 453 1895 misericordi&
467 1832 539 1893 salus
556 1853 623 1893 mea·
639 1833 779 1895 custodita

91 1922 153 1988 sit,
166 1919 193 1977 ei
206 1936 260 1976 vos
278 1913 399 1974 vestram
411 1911 650 1986 misericordiam,
669 1933 717 1973 me
728 1915 780 1974 de·

89 2014 253 2080 precante,
268 1996 407 2053 tribuatis.
425 1992 569 2070 Equidem
591 1992 627 2051 ad
652 1994 779 2074 reliquos
803 2042 805 2045 .

91 2078 231 2145 labores,
249 2095 322 2152 quos
340 2075 370 2130 in
388 2073 441 2131 hac
462 2072 541 2131 causa
554 2071 679 2151 majores
696 2073 779 2134 susci·

92 2160 168 2241 pio,
186 2153 272 2233 quam
287 2155 317 2210 in
335 2155 455 2224 ceteris,
476 2155 562 2211 etiam
579 2153 651 2211 hanc
667 2155 777 2214 moles-

91 2243 164 2298 tiam
193 2231 324 2303 aiiumo,
344 2232 421 2313 qubd
443 2233 510 2291 mihi
530 2254 589 2291 non
608 2232 698 2292 solirm
722 2257 777 2315 pro

92 2317 154 2379 Cn.
170 2313 283 2373 Plancio
298 2313 451 2373 dicendum
465 2310 523 2385 est,
536 2310 615 2392 cujus
628 2334 683 2394 ego
701 2314 779 2374 salu-

92 2417 158 2458 tem
177 2416 236 2453 non
253 2394 329 2454 secus
346 2414 491 2453 aenaeam
508 2397 582 2454 tueri
598 2395 693 2452 debeo
703 2413 713 2465 3
727 2393 777 2453 sed

96 2479 187 2539 etiam
199 2495 252 2554 pro
264 2494 311 2532 me
320 2473 399 2551 ipso,
411 2473 448 2531 de
459 2494 517 2551 quo
529 2472 706 2547 accusatores
717 2475 780 2551 plu-

94 2579 129 2618 ra
170 2552 339 2631 ene,quam
355 2551 391 2610 de
406 2571 457 2621 re,
475 2570 584 2630 reoque
595 2551 736 2608 dixerunt.
780 2616 783 2621 ¹
831 2600 836 2606 .

159 2633 182 2692 I.
196 2633 399 2710 Quamquam,
411 2629 548 2702 Judices,
565 2632 588 2687 si
606 2629 672 2707 quid
691 2628 732 2688 est
745 2632 774 2690 in

98 2734 150 2777 me
179 2712 239 2788 ipso
265 2714 303 2769 ita
321 2708 545 2789 reprehensum,
563 2726 594 2767 ut
616 2708 645 2766 id
664 2710 699 2766 ab
719 2710 776 2770 hoc

93 2789 254 2872 sejundum
285 2792 346 2860 sit,
375 2809 434 2847 non
462 2808 510 2846 me
538 2789 568 2848 id
597 2807 778 2868 magnopere

97 2871 273 2937 conturbet:
288 2889 347 2930 non
359 2870 436 2929 enim
449 2869 559 2944 timeo,
570 2888 626 2944 ne,
638 2871 703 2951 quia
712 2890 776 2951 pen,
