2117 3942
316 420 416 494 Pn'o
441 422 482 495 P.
508 426 720 495 Sumo.
793 444 869 520 197

191 537 291 607 tristem
317 537 462 618 semper,
486 541 552 619 quia
576 542 774 611 taciturnum,
799 543 870 622 quia
939 556 942 562 ’

190 617 387 689 subhorridum
402 634 489 697 atque
503 620 642 679 incultum
657 619 815 695 videbant,
831 623 867 681 δι

189 700 260 780 qubd
285 714 349 758 erat
366 716 406 758 eo
423 699 565 771 nomine,
587 716 619 758 ut
639 702 803 779 ingenerata
820 699 867 760 sa·

187 780 266 840 milite
282 777 328 837 stu
350 777 610 850 alitas'videretur3
625 776 760 838 favebant
770 823 780 852 ,
792 801 865 861 gau·

187 859 313 931 debant,
387 856 425 916 ad
436 859 636 937 integritatem
652 855 792 935 majorum
812 858 864 939 spe

185 937 227 998 sul
244 939 399 998 hominem
419 938 589 1011 vocabant,
606 939 729 997 materni
749 942 867 1019 generis

187 1019 275 1080 obliti.

221 1117 270 1156 22.
289 1095 356 1178 Ego
373 1111 471 1156 autern
489 1093 586 1176 (vere
605 1096 664 1155 hoc
679 1095 794 1166 dicam,
810 1095 866 1156 Ju-

184 1176 289 1256 dices)
315 1193 429 1236 tautum
452 1172 509 1236 esse
529 1178 559 1235 in
579 1176 699 1235 homine
724 1173 870 1249 sceleris,

184 1257 328 1329 audaciae,
347 1255 541 1328 crudelitatis,
562 1271 700 1335 quantum
714 1254 774 1335 ipse
798 1275 866 1315 cum

185 1357 212 1396 re
233 1336 328 1396 ublica
337 1333 429 1409 sensi,
440 1354 597 1415 numquam
607 1336 707 1415 putavi
717 1354 725 1392 :
737 1354 866 1428 nequam

185 1423 201 1487 ε’
218 1437 235 1478 e
253 1417 425 1487 hominem,
442 1415 474 1474 &
485 1414 602 1484 levem,
614 1415 645 1474 δι
660 1413 732 1473 falsi
745 1416 864 1495 opinio-

184 1516 237 1571 ne,
254 1514 355 1556 errore
365 1495 516 1554 hominum
526 1495 562 1554 ab
575 1492 768 1554 adolescentia
780 1514 867 1553 com·

183 1576 373 1647 mendarum,
394 1572 533 1634 sciebam:
548 1576 656 1634 etenim
671 1577 781 1633 animus
800 1572 865 1651 ejus

183 1658 281 1729 vultu,
304 1656 411 1734 flagitia
429 1654 583 1733 parietibus
597 1655 769 1735 tegebantur
783 1674 793 1726 ;
812 1652 864 1713 sed

183 1736 240 1796 bac
255 1733 414 1797 obstrudio
432 1753 486 1793 nec
505 1733 636 1792 diuturna
653 1732 714 1806 est,
733 1753 788 1793 nec
806 1735 866 1793 ob-

184 1815 264 1877 dusia
280 1818 321 1875 ita
338 1858 348 1888 ,
366 1830 398 1874 ut
416 1816 532 1875 curiosis
552 1815 643 1874 oculis
662 1811 783 1894 perspici
803 1831 866 1873 non

182 1899 283 1978 possit.

220 1976 261 2036 X.
282 1975 465 2035 Videbamus
488 1994 579 2056 genus
597 1975 683 2045 vitae,
705 1973 866 2046 desidiam,

182 2058 331 2117 inertiam:
352 2054 471 2115 inclusas
490 2053 553 2132 ejus
571 2054 721 2124 libidines,
735 2055 782 2133 qui
792 2050 865 2132 itau-

183 2136 211 2196 lb
231 2139 352 2218 propius
367 2133 559 2206 accesserant,
577 2134 780 2193 intuebantur:
807 2134 863 2193 de-

183 2218 267 2297 nique
285 2218 372 2277 etiam
388 2215 527 2274 sermonis
544 2213 622 2273 ansas
635 2214 742 2286 dabat,
781 2216 864 2273 uibus

184 2297 350 2356 reconditos
377 2293 440 2374 ejus
466 2295 559 2354 sensus
583 2312 684 2355 tenere
706 2235 864 2374 pollitmus.

185 2375 329 2436 Laudabat
348 2375 440 2434 homo
460 2374 561 2434 dodlus
582 2374 771 2454 philosophos
794 2374 864 2432 nes-

187 2458 228 2517 cio
242 2476 332 2536 qu0s3
346 2475 441 2534 neque
452 2475 554 2513 eorum
565 2473 663 2514 tamen
677 2457 795 2512 nomina
810 2474 870 2530 po-

186 2548 254 2594 terat
270 2537 388 2596 dicere:
404 2532 453 2593 sed
467 2551 566 2593 tamen
586 2554 638 2591 eos
653 2531 787 2590 laudabat
801 2552 867 2588 ma-.

187 2615 288 2688 xime,
312 2617 364 2695 qui
386 2613 516 2672 dicuntur
538 2629 642 2691 praeter
669 2628 781 2670 ceteros
806 2607 864 2669 elle

187 2694 310 2768 austures
331 2695 364 2752 ὅ(
383 2693 547 2752 laudatores
566 2691 742 2768 voluptatis:
762 2688 869 2764 cujus,

190 2775 284 2854 &quo
298 2791 435 2852 tempore
443 2818 455 2844 ,
470 2774 573 2852 &quo
587 2769 699 2842 modo,
712 2789 771 2826 non
785 2790 864 2849 quaa·

189 2854 280 2927 rebat,
297 2855 424 2915 verbum
437 2851 528 2933 ipsum
544 2849 678 2910 omnibus
695 2847 788 2907 modis
801 2853 865 2909 aui·

188 2935 224 3012 mi
253 2935 284 2997 ὃ(
313 2935 447 3015 corporis
473 2930 658 3011 devorabat:
686 2928 865 3018 eosdemque
956 2978 962 2987 .

670 3007 684 3069 l
702 3011 732 3090 iil
