2117 3942
198 312 277 385 290
419 289 649 361 Onarro

196 426 312 476 naves,
330 400 506 464 furacissime
525 402 704 478 scrutatere,
726 402 877 468 honines-

196 507 254 569 que
273 486 392 567 negotia
412 500 547 566 gerentes
566 483 678 565 judiciis
698 487 877 566 iniquissimis

195 569 320 628 irretires
340 609 351 639 ,
370 582 549 626 mercatores
565 567 671 629 e'navi
696 567 877 647 egredientes

195 664 347 718 terreres,
373 643 602 708 conscendentes
629 650 779 707 morar'ere
802 669 814 721 ;
838 664 877 709 te·

195 726 301 796 neasne
324 727 490 801 memorii,
515 727 567 786 ribi
591 729 620 786 in
646 744 797 787 conventu
822 725 877 789 Pu-

194 808 280 868 teolis
301 827 402 867 manus
420 804 477 868 esse
498 805 621 872 allatas?
647 806 754 868 adme
778 807 877 868 consu·

194 888 255 953 lem
271 887 499 948 Puteolanorum
515 886 647 967 querelas
664 885 721 948 esse
743 886 856 949 delatas
870 888 877 949 l

196 967 261 1051 post
280 966 472 1050 quaesturam,
494 966 632 1029 exierisne
653 966 680 1027 le
702 985 766 1026 atus
789 970 822 1029 in
836 967 877 1029 nl·

194 1053 338 1125 teriorem
357 1047 550 1129 Hispaniam,
574 1045 612 1108 C.
635 989 786 1108 Cosconio
812 1069 877 1129 pro·

195 1128 337 1191 consule?
357 1149 447 1209 quum
463 1127 534 1189 illud
550 1129 605 1188 iter
621 1125 812 1208 Hispaniense
830 1148 877 1209 pe·

195 1206 279 1271 dibus
296 1207 356 1270 sere
375 1206 480 1269 confici
495 1207 607 1281 soleat,
624 1225 694 1282 aut,
711 1210 735 1268 si
754 1208 820 1287 quis
836 1231 877 1270 na·

194 1293 294 1371 vigare
316 1288 412 1362 velit,
436 1305 518 1358 certa·
537 1290 574 1348 sit
596 1290 670 1348 ratio
693 1288 850 1370 navigandi
871 1310 877 1363 3

194 1366 344 1433 'venerisne
370 1369 400 1426 in
423 1367 613 1442 Sardiniam,
639 1385 727 1450 atque
755 1369 826 1430 inde
851 1371 877 1429 in

194 1448 347 1513 Africam?
367 1447 487 1510 fuerisne
501 1494 512 1522 ,
530 1449 612 1529 quod
624 1451 686 1509 sine
700 1447 877 1512 senatuscon-

194 1529 270 1591 sulto
296 1527 348 1588 tibi
374 1526 471 1590 facere
501 1550 563 1590 non
588 1528 697 1602 licuit,
729 1530 761 1589 in
789 1549 877 1612 regno

195 1607 395 1690 Hiempsalis?
421 1607 544 1670 fuerisne
564 1611 594 1668 in
616 1629 707 1691 regno
729 1608 877 1673 Mastane·

194 1691 275 1752 sosi?
301 1687 450 1749 venerisne
471 1690 508 1750 ad
535 1689 641 1750 fretum
685 1709 716 1749 er
737 1688 877 1751 Maurita-

195 1769 298 1835 niam?
318 1790 406 1850 quem
424 1768 493 1836 scias
509 1791 647 1850 umquam
663 1711 795 1863 iegatum
812 1771 877 1830 His·

195 1848 362 1933 paniensem
375 1847 431 1909 istis
449 1850 597 1911 itineribus
617 1853 648 1910 in
664 1849 744 1910 allam
761 1853 877 1931 provin·

194 1937 270 1998 ciam
287 1928 471 2011 pervenisse?
517 1966 519 1971 ·
632 1993 635 1998 ,

240 2029 285 2088 ¹3·
300 2011 399 2070 Fabius
412 2031 443 2070 es
456 2011 584 2071 tribunus
597 2009 706 2090 plebis:
718 2009 789 2088 quid
802 2008 867 2068 enin

193 2105 224 2151 te
247 2091 283 2151 de
303 2090 538 2170 Hispaniensibus
557 2091 669 2172 flagitiis
687 2092 744 2149 tuis
759 2133 770 2163 ,
788 2087 861 2150 sordi

195 2169 372 2250 dissimisque
385 2169 465 2229 furtis
479 2170 679 2252 interrogem?
697 2168 813 2248 Quaero
828 2170 853 2229 al

195 2266 226 2315 te
244 2252 368 2331 primiun
385 2251 542 2321 universe,
562 2251 641 2332 quod
681 2270 753 2310 enus
770 2252 845 2331 impr

194 2332 291 2392 biretis
308 2327 470 2390 &sceleris
487 2334 516 2389 in
533 2351 570 2391 eo
584 2271 755 2412 magilratu-
767 2346 839 2410 praet

194 2410 326 2473 miseris?
348 2409 395 2471 Ac
412 2409 464 2470 tihi
479 2408 539 2488 jam
559 2412 627 2472 inde
643 2409 820 2491 praescribo,

193 2510 257 2559 tuas
284 2491 384 2553 sordes
408 2511 473 2551 cunr
500 2492 723 2553 clarissimorum
747 2493 826 2551 viror

192 2571 345 2653 splendore
363 2570 545 2652 permisceas.
566 2572 630 2655 Ego
651 2589 706 2645 te,
727 2592 817 2651 quaecr

194 2673 256 2736 que,
269 2655 404 2735 rogabo,
428 2653 465 2713 de
486 2669 516 2713 te
537 2653 598 2733 ipso
619 2653 758 2735 rogabo;
781 2671 812 2711 nr

191 2747 222 2792 te
237 2752 273 2792 ex
286 2733 451 2814 amplissimi
465 2736 518 2792 viri
533 2735 691 2816 dignitate,
709 2731 805 2793 seder

195 2808 322 2889 senebris
348 2813 519 2888 extraham,
546 2818 703 2896 omniaque
725 2831 793 2873 mea
