2117 3942
277 411 386 480 Pico
409 411 452 481 P.
477 415 682 482 Sumo.
741 436 823 507 209

143 526 174 587 sis
190 524 327 592 idulte'ro
339 571 355 598 ‚
373 545 441 586 cum
461 523 622 606 stupratum
639 528 789 593 sacerdote
808 576 820 605 ,

141 629 198 667 cum
218 605 382 680 venefico,
402 626 468 666 eum
489 603 727 682 testamentario,
749 631 819 671 cum

139 689 255 761 litatio,
273 706 341 747 cum
358 686 470 746 latrone
488 704 584 765 :quos
602 688 753 764 homines,
775 693 817 765 si,

138 767 163 827 id
185 767 267 847 quod
291 765 376 827 facile
395 765 472 825 fastu
495 764 573 841 fuit,
596 768 630 827 &
654 770 734 849 quod
754 767 823 831 fieri

137 846 254 920 debuit,
269 845 416 928 'quodque
435 867 453 904 a
470 865 518 906 me
543 848 647 926 optimi
667 849 699 908 dt
719 846 818 910 fortis·

137 928 194 986 simi
212 929 297 988 cives
313 925 504 1008 flagitabant,
525 927 556 988 vi
575 926 714 1009 armisque
730 928 817 1008 supe-

137 1004 255 1078 taffem,
271 1027 334 1066 non
352 1004 496 1079 verebar,
513 1025 550 1065 ne
569 1027 631 1084 quis
648 1026 695 1067 aut
708 1029 768 1068 vnn
785 1011 819 1069 vi

134 1085 274 1166 repulsam
294 1085 548 1166 reprehenderet,
572 1102 620 1144 aut
637 1087 819 1165 perditorum

134 1167 238 1245 civium
250 1210 262 1238 ,
281 1166 332 1227 vel
345 1165 441 1246 potiits
459 1161 681 1226 domesticorum
693 1164 826 1231 hostium

132 1262 411 1316 mortemmoeretet
426 1265 433 1304 ι
447 1244 497 1306 sed
514 1264 562 1305 me
578 1246 625 1304 illa
639 1262 827 1318 moveruntt.

133 1327 266 1395 omuibus
286 1328 320 1394 in¹
338 1324 527 1387 concionibus
546 1325 594 1384 illa
614 1325 686 1386 furia
707 1327 840 1386 clama-·

132 1406 195 1480 lat,
208 1405 256 1481 se,
269 1427 335 1486 quae
346 1405 455 1467 faceret
466 1421 568 1466 contra
577 1402 696 1466 salutem
707 1426 827 1480 meam,¹

132 1485 224 1548 facete
250 1486 369 1548 austote
390 1484 448 1546 Cn.
467 1484 633 1565 Pompeio,
656 1487 815 1546 clarissimo

131 1571 189 1628 tito
203 1612 213 1641 ‚
236 1567 413 1647 mihique&
431 1588 527 1638 nunc,
550 1566 581 1625 &
595 1567 693 1646 quoad
710 1567 789 1627 licuit
800 1610 816 1640 ‚.

130 1649 316 1708 amicissimo.
328 1646 361 1707 M
365 1645 492 1707 ‚Craffus
501 1691 511 1720 ‚
519 1667 644 1725 quocum
652 1646 721 1706 mihi
731 1664 824 1708 erant.

131 1748 231 1789 omnes
246 1728 381 1788 amicitiae
395 1726 638 1799 necessitudines,
657 1729 701 1787 vir
715 1725 815 1787 fortis·

131 1806 240 1881 simus,
268 1808 305 1876 ah
327 1807 431 1868 eadem
452 1806 499 1865 illa
518 1803 599 1885 peste
617 1805 817 1867 infestissimus

132 1887 184 1950 effe
208 1890 283 1948 meis
305 1887 425 1948 fortunis
447 1886 662 1964 praedicabatur.
687 1883 725 1946 C.
746 1885 815 1946 Cae·

131 1967 168 2031 sur
179 2013 190 2041 ,
213 1971 368 2048 quiante
389 1966 469 2026 nullo
492 1985 561 2024 meo
583 1968 688 2024 metito
705 1966 814 2025 alienus

131 2047 182 2119 eise
201 2048 357 2121 debebat,
375 2047 584 2107 inimicissimus
602 2043 657 2104 elle
677 2065 750 2104 meae
771 2044 815 2104 sa·

131 2127 178 2187 luti
192 2129 234 2189 'ab
250 2129 359 2190 eodem
376 2126 550 2210 quotidianis
567 2126 755 2186 concionibus
771 2125 816 2187 di·

132 2209 257 2269 cebamt.

167 2288 295 2367 40·.Hi⁸
312 2286 341 2348 se
360 2287 450 2346 tribus
467 2286 626 2346 audioribus
640 2288 669 2347 in
688 2287 813 2347 consiliis

132 2368 299 2448 capiendis,
319 2366 497 2445 adjutoribus
513 2370 542 2427 in
561 2368 733 2448 regerenda
754 2367 811 2427 effe

133 2447 240 2519 usurum
255 2446 371 2507 dicebat
387 2468 397 2519 3
415 2467 450 2506 ex
462 2447 563 2527 quibus
576 2468 687 2522 unum,
702 2448 812 2505 habete

135 2530 289 2590 exercitum
306 2529 338 2586 -in
356 2525 438 2586 Italia
456 2529 613 2586 maximum
632 2547 638 2584 :
653 2525 742 2597 duo,
763 2525 814 2602 qui

134 2610 230 2686 privati
241 2625 304 2669 tum
318 2604 429 2677 effent,
447 2607 479 2666 dt
488 2603 627 2687 ptaeesle,
643 2604 675 2663 dt
692 2622 812 2683 parate,

134 2687 279 2747 sivellent
291 2730 305 2757 ,
320 2687 478 2746 exercitum
494 2683 575 2767 polle
589 2705 598 2755 3
618 2682 704 2769 idque
721 2680 811 2740 failu-

135 2787 177 2824 tos
196 2766 253 2827 effe
277 2767 393 2826 dicebat
411 2787 418 2824 :
435 2786 490 2825 nec
512 2765 584 2824 mihi
607 2762 654 2820 ille
674 2761 812 2837 judicium

133 2849 247 2927 populi,
261 2867 317 2908 nec
334 2848 492 2926 legitimam
510 2844 633 2923 aliquam
648 2844 809 2921 contentio·

133 2946 215 3010 uem„
233 2949 290 2993 nec
309 2926 548 3008 disceptationem
562 2968 571 3001 ,
584 2941 631 2985 aut
647 2919 735 3003 cause
752 2922 820 2999 die,
