2117 3942
238 367 317 464 438
441 365 685 435 ‚Omrro

238 480 360 541 modum
378 481 559 560 iepefimus.
590 478 655 562 Ego
686 477 827 539 Kalendis
856 478 927 539 lan.

238 560 367 621 senatum
387 560 534 620 &bonos
562 580 666 620 omnes
685 560 757 641 legis
775 561 925 642 agrariae,

239 640 484 721 maximarumque
506 640 692 720 largitionum
714 656 796 699 metu
817 638 925 699 libera-

238 723 288 780 vi:
306 741 366 801 ego
380 741 482 802 agrum
495 718 699 800 Campanum,
714 723 739 779 si
755 719 850 780 <lividi
861 741 923 780 non

237 804 391 880 oportuit,
407 799 597 873 conservav13
614 802 802 881 siopor'tuit,
818 801 925 862 melio·

238 883 317 940 ribus
336 880 498 940 austoribus
510 879 671 942 reservavi:
690 900 749 962 ego
763 883 794 940 iu
809 876 849 941 C.
864 879 924 940 Ra·

238 961 313 1022 birio
326 1005 336 1033 ,
354 961 559 1042 perduellionis
571 979 624 1022 reo
635 1005 645 1035 ,
658 960 851 1042 quadraginta
870 982 925 1020 an-

240 1044 284 1101 uis
300 1057 367 1101 ante
384 1061 432 1102 me
453 1039 600 1101 consulem
617 1043 818 1121 interpositam
837 1038 923 1102 setra-

239 1119 285 1182 tus
300 1121 499 1182 auiloritatem
514 1117 628 1181 sustinui
646 1138 749 1182 contra
762 1119 922 1194 iuvidiam,

239 1218 327 1282 utque
353 1201 497 1262 defendi:
524 1221 581 1283 ego
604 1199 804 1279 adolescentes
826 1199 922 1262 bonos

240 1282 272 1342 &
285 1281 376 1342 fortes
386 1327 396 1352 ,
407 1280 533 1354 sed‚usos
545 1282 581 1341 ei
593 1281 764 1342 conditione
781 1280 921 1352 fortune,

240 1379 293 1435 ut,
309 1365 333 1421 si
348 1360 436 1422 esseut
447 1359 625 1444 magistratus
644 1362 763 1441 adepti,
781 1361 919 1442 reipubli-

239 1462 282 1502 ‹ae
305 1441 409 1505 statum
436 1441 599 1501 convolsuri
624 1442 797 1502 viderentur
816 1486 827 1515 ,
847 1442 918 1501 meis

238 1523 390 1586 inimicitiis
400 1521 507 1596 ,nulli
524 1520 638 1582 senariis
653 1522 731 1582 malit
747 1520 855 1607 graui,
867 1542 920 1582 co·

238 1603 387 1663 mitiorum
404 1604 514 1662 ratione
532 1605 655 1683 privavi.

242 1728 247 1735 .
282 1699 308 1761 5.
334 1680 399 1763 Ego
420 1682 582 1742 Antonium
603 1683 766 1761 collegam,
785 1681 923 1762 cupidum

236 1763 416 1844 provinciae,
435 1764 524 1823 multa
534 1766 564 1822 in
576 1763 723 1843 republica
733 1763 923 1836 molientem,

237 1843 379 1924 patienti&
402 1861 489 1925 atque
512 1842 651 1923 obsequio
674 1862 744 1902 tneo
769 1844 920 1923 mitigavi:

238 1943 295 2006 ego
309 1926 490 2005 provinciam
504 1921 652 1998 Galliam,
668 1921 781 1982 senariis
799 1922 922 1982 aulloti·

237 2018 319 2078 tate,-
334 2006 461 2065 exercitu
474 2004 507 2064 &
518 2004 640 2083 poeonii
653 2001 816 2063 instruilam
831 2003 862 2062 &
873 2023 923 2061 or·

237 2101 357 2156 natam,
375 2106 462 2165 quam
482 2104 549 2144 cum
573 2083 706 2143 Antonio
724 2085 923 2143 communica·

237 2166 289 2235 vi,
307 2164 387 2244 quod
401 2168 440 2225 ita
457 2163 652 2226 existimabam
669 2181 804 2244 tempora
822 2165 923 2242 reipu-

236 2242 318 2301 blicae
336 2243 435 2318 ferre,
453 2248 484 2304 in
503 2247 645 2304 concione
661 2242 807 2323 deposui,
823 2241 924 2302 'recla-

236 2340 336 2382 mante
360 2325 472 2402 populo
494 2324 658 2384 Romano:
680 2343 738 2405 ego
759 2322 795 2382 L.
816 2317 924 2382 Catili-

236 2423 332 2474 nam,
358 2402 469 2465 caedem
494 2403 626 2477 senariis,
649 2406 797 2463 interitum
818 2403 922 2476 urbis,

236 2504 298 2544 nott
314 2481 452 2557 obscure,
465 2483 514 2548 sed
525 2484 621 2565 palam
637 2484 827 2556 molientem,
838 2503 925 2564 egre·

236 2564 267 2624 di
287 2585 323 2626 ex
343 2564 414 2624 urbe
431 2563 499 2645 jussi
518 2586 528 2637 ·,
545 2583 598 2638 ut,
616 2585 709 2646 aquo
731 2564 843 2646 legibus
861 2585 924 2624 non

235 2662 424 2724 poteramus,
442 2647 585 2706 moenibus
600 2646 654 2704 tuti
673 2643 730 2704 elle
769 2641 895 2703 ollemus
914 2666 921 2703 :

236 2742 293 2804 ego
313 2727 389 2800 tela,
409 2744 542 2787 extremo
559 2724 658 2787 mense
679 2746 737 2784 con
749 2722 842 2784 utatis
864 2727 926 2785 mei

235 2803 344 2863 intenta
364 2803 465 2889 jugulis
484 2809 628 2879 civitatis,
647 2806 684 2866 de
703 2801 925 2883 conjuratorum

236 2881 350 2949 nefariis
372 2891 503 2953 manibus
524 2890 657 2953 extorsi:
681 2906 738 2970 ego
758 2883 840 2949 fares
862 2883 924 2966 jam
