2117 3942
257 392 337 486 460
425 402 428 407 '
481 386 709 458 ormo

257 527 347 579 nem,
363 520 451 584 quem
466 501 659 583 despexeras,
676 519 763 584 quem
780 496 943 575 afflixeras‚'

257 606 343 666 quem
359 584 525 644 deleveras:
544 604 580 642 an
593 585 677 642 amici
692 583 734 641 tui
748 580 869 639 tabellas
886 582 944 639 ab·

257 663 564 743 diderint,iidemque
585 663 698 722 silentio
720 661 769 720 suo
792 663 945 720 temerita-

256 763 341 814 tem,
356 762 442 824 atque
457 743 697 802 audaciamtuam
711 740 944 802 condemnarint.

260 827 359 905 Atque
373 821 542 894 banditio,
554 842 590 883 an
602 823 700 882 malim
712 866 721 894 ‚
734 839 763 880 te
777 820 871 879 videri
883 823 945 880 nul·

262 907 293 965 lo
311 904 423 985 pudore
443 901 522 961 fuisse
536 906 565 962 in
577 903 678 962 litteris
694 901 860 973 mittendis,
873 903 945 959 ami-

263 1006 315 1046 cos
333 1002 399 1043 tuos
438 983 481 1041 ius
494 980 620 1042 habuiffe
642 981 804 1061 &pudoris
825 980 856 1038 ὅ(
875 1002 945 1039 cona

261 1067 346 1137 sitii,
377 1005 464 1144 qudm
491 1080 539 1123 aut
562 1079 593 1122 te
619 1062 712 1122 videri
739 1060 943 1141 pudentiorem

262 1143 364 1216 inibe,
379 1143 470 1225 'quim
486 1142 582 1213 soles,
599 1158 646 1201 aut
662 1159 744 1200 tuum
759 1139 866 1200 fabium
883 1161 943 1200 nou

262 1225 321 1286 offe
340 1223 566 1283 condemnatum
577 1221 683 1301 judicio
696 1222 866 1281 amicorum.

304 1320 353 1378 40.
376 1302 470 1381 Qubd
490 1306 512 1362 si
533 1305 668 1362 non-tuis
691 1300 807 1360 nefariis
824 1304 853 1360 in
870 1300 944 1360 hunc

265 1385 399 1444 ordinem
411 1384 593 1443 contumeliis
600 1385 632 1441 in
645 1399 819 1463 perpetuum
831 1383 885 1440 tibi
899 1401 946 1440 cu·

263 1467 336 1523 riam
347 1460 529 1541 praeclusiffes
541 1483 551 1532 ;
568 1463 637 1541 quid
654 1462 772 1520 tandem
784 1477 845 1521 erat
855 1461 946 1521 adium

185 1598 188 1603 .
265 1558 315 1603 aut
336 1539 446 1622 gestum
463 1544 491 1600 in
509 1542 557 1601 illa
575 1544 751 1622 provincia,
772 1542 810 1602 de
829 1562 890 1622 quo
912 1539 946 1600 ad

264 1622 398 1682 senatum
417 1642 481 1680 cum
493 1623 684 1744 gratulatione
698 1623 792 1702 aliqua
806 1621 889 1681 scribi
900 1623 948 1680 abs

265 1717 341 1763 tc'o
364 1719 499 1762 onerer.
534 1705 651 1763 vexatio
679 1701 891 1761 Macedoniae?
914 1723 948 1761 au

266 1722 442 1864 oppidorum
462 1784 552 1864 turpis
576 1782 719 1842 amissio?
745 1804 782 1841 an
805 1782 948 1841 sociorum

268 1863 427 1943 direptio?
450 1883 485 1922 an
508 1884 643 1945 agrorum
668 1862 886 1942 depopulatio?
912 1884 948 1922 an

267 1946 392 2004 munitio
410 1940 640 2004 Theffalonicae?
657 1965 693 2002 an
708 1942 835 2002 obsessio
849 1942 950 2001 milita·

269 2025 308 2084 ris
320 2025 375 2083 viae
385 2023 395 2081 ἓ
405 2045 441 2083 nn
451 2024 594 2084 exercitiis
603 2022 689 2082 nostri
698 2025 827 2095 interitus
839 2067 848 2095 ‚
860 2021 950 2092 ferror

268 2103 364 2174 fame,
375 2102 482 2186 frigore
493 2149 501 2177 ‚
534 2103 690 2164 estilentid?
700 2102 748 2162 Tu
755 2103 847 2176 verb,
858 2106 908 2183 qui
915 2103 950 2162 ad

270 2183 400 2242 senatum
417 2183 487 2242 nihil
512 2184 659 2265 cripseris,
672 2186 740 2243 utin
749 2184 822 2243 urbe
830 2187 950 2264 nequior

270 2264 406 2321 inventus
420 2281 465 2334 es,
476 2264 562 2342 quam
571 2263 711 2325 Gabinius
719 2265 781 2336 ‚sic
792 2266 821 2321 in
836 2267 951 2343 provin·

271 2344 315 2402 cia
330 2341 417 2421 paulb
434 2358 553 2416 tamen,
570 2345 656 2424 quarn
671 2345 737 2416 ille,
751 2343 914 2404 demissior.

296 2440 359 2495 ‘4r.
383 2419 458 2479 Nam
477 2423 525 2483 iile
543 2443 645 2505 gurges
662 2443 748 2504 atque
764 2422 887 2496 helluo,
902 2447 950 2484 na·

271 2517 317 2561 tus
336 2501 485 2560 abdomini
499 2503 567 2578 suo,
580 2526 639 2563 non
650 2505 726 2562 laudi
737 2519 823 2585 atque
837 2506 950 2585 gloriae,

270 2602 360 2662 quum
395 2585 506 2721 eguites
531 2582 681 2644 Romanos
710 2586 738 2642 in
767 2588 951 2664 provincia,

271 2676 361 2799 gpum
381 2683 419 2743 pu
441 2663 570 2737 licanos‚
588 2665 735 2724 nobiscum
753 2665 785 2723 &
801 2667 950 2724 voluntate

325 2742 464 2822 dignitate
485 2743 675 2823 conjundios‚
697 2764 800 2804 omnes
810 2743 951 2817 fortunis,

274 2822 382 2880 multos
409 2822 512 2896 fami,
537 2827 655 2906 virique
679 2822 814 2904 privasset
833 2846 844 2899 ;
867 2845 951 2906 quum

271 2899 370 2981 egitiet
387 2904 464 2965 aliud
479 2906 549 2966 nihil
565 2909 595 2968 in
611 2907 661 2968 isso
679 2906 831 2979 exercitu,
851 2909 905 2968 nisi
923 2919 950 2966 ut
