2117 3942
211 451 215 456 .
255 399 332 479 314
474 380 703 450 Orrmo

251 499 339 557 etiam
354 495 377 553 si
395 494 488 555 virum
505 495 641 567 bonum,
661 493 710 555 sed
727 490 847 552 nonita
866 496 936 556 me·

250 579 356 646 ritum3
371 577 393 632 si
408 576 534 654 denique
549 574 676 654 aiiquid,
691 573 771 655 quod
788 594 849 633 non
864 595 938 636 con·-

251 655 322 727 tri,
349 675 381 713 ac
406 656 534 728 liceret,
557 653 665 714 facturn
688 655 859 728 diceretur,
886 653 936 716 sed

243 733 379 807 contri,
414 751 502 816 atque
530 751 682 816 oporteret
708 756 715 794 :
739 751 840 794 tamen
869 733 938 796 effet

251 818 347 876 omnis
363 812 505 894 ejusmodi
521 816 711 897 reprehensio
729 837 747 875 a
760 814 871 891 vobis,
886 814 937 876 Ju-

253 895 356 968 dices,
377 895 566 976 repudianda.

291 975 322 1035 8.
343 974 429 1035 Nunc
440 977 514 1037 vero
528 974 597 1056 quid
611 973 733 1034 dicitur?
749 972 821 1054 quid
835 975 875 1034 ait
889 994 938 1034 ac·

251 1055 382 1117 cusator?
398 1054 492 1117 feciffe
506 1054 689 1136 Pompeium)
696 1055 777 1136 quod
795 1057 824 1114 ei
841 1054 936 1116 facere

251 1156 312 1205 non
329 1137 462 1196 licuerit?
482 1137 562 1216 quod
578 1137 692 1217 gravius
709 1134 771 1208 est,
789 1134 937 1216 quimsti

251 1217 282 1277 id
297 1216 402 1276 factum
419 1216 455 1275 ab
470 1236 509 1277 eo
524 1217 655 1288 diceret,
676 1215 757 1296 quod
772 1235 834 1276 non
848 1235 939 1296 opor-

152 1367 155 1374 ]
252 1295 356 1358 tuiffet.
375 1294 423 1356 Est
434 1298 514 1357 enim
527 1296 654 1378 aliquid,
692 1295 753 1355 uod
768 1316 829 1356 non
848 1314 940 1378 opor·

252 1393 337 1451 tcat,
360 1379 448 1436 etiarn
468 1378 491 1435 si
510 1377 579 1437 licet
596 1398 604 1435 ι
623 1318 763 1457 quijquid
781 1376 857 1439 vero
878 1384 940 1437 no'n

252 1459 343 1528 licet,
362 1457 439 1517 certe
453 1477 514 1517 non
529 1473 661 1537 oportet.

246 1598 250 1607 ,
294 1536 356 1596 IV·.
374 1536 435 1596 'Hic
454 1557 512 1618 ego
530 1558 607 1596 nunc
627 1534 744 1596 cuncier
767 1537 808 1595 sic
822 1550 942 1619 ·agere‚'

252 1616 269 1679 J
272 1617 386 1690 udices,
401 1638 463 1679 non
475 1615 532 1678 effe
546 1616 588 1678 fiis
601 1616 740 1689 dubitari,
753 1616 845 1698 quin,
859 1615 941 1698 quod

254 1695 314 1757 Cn.
326 1696 499 1778 Pompeium
515 1695 612 1757 feciffe
625 1694 756 1768 constet,
773 1695 805 1755 id
818 1716 879 1757 uon
895 1695 942 1757 so-

254 1778 315 1838 lum
337 1776 484 1852 decuiffe,
510 1776 562 1838 sed
583 1779 669 1838 etiarn
690 1773 818 1836 debuiss'e
840 1775 942 1837 ''fateo-

255 1858 342 1918 mur?
356 1858 438 1936 Quid
451 1861 529 1918 enim
543 1855 621 1918 abest
635 1858 698 1915 huic
710 1856 843 1929 homini,
860 1855 942 1937 quod

257 1942 282 1998 si
297 1937 426 2012 adesset‚
444 1938 507 2017 jure
523 1938 582 1998 hoc
597 1938 681 1996 tribui
699 1937 732 1996 &
748 1936 874 1996 concedi
887 1956 941 2016 pu-

254 2035 383 2079 taremus
396 2018 407 2076 ἓ
420 2018 520 2079 ususue
532 2017 650 2079 rerum?
664 2017 712 2096 qui
724 2019 853 2155 ffi‘ffiae
866 2033 941 2076 tern-

250 2118 309 2176 pus
326 2115 512 2172 extremum,
533 2100 704 2178 principium
784 2098 827 2156 uit
841 2096 940 2157 bello-

255 2199 321 2236 rum
337 2195 424 2258 atque
441 2181 629 2259 imperiorum
647 2176 866 2236 maximorum?
891 2196 939 2235 cu·

252 2253 301 2335 jus
318 2257 448 2336 plerique
462 2259 585 2338 aequales
597 2259 690 2317 minus
706 2254 780 2336 saep'e
791 2255 889 2316 custru
898 2258 939 2317 vi·

256 2336 384 2409 derunt,
408 2336 495 2415 quim
515 2337 562 2396 hie
587 2335 801 2416 triumphavit?
823 2339 883 2417 qui·
895 2352 937 2396 tot

255 2416 345 2476 habet
363 2417 524 2496 triumphos
536 2460 546 2490 ‚
557 2433 637 2497 quot
652 2437 711 2476 orae
726 2414 813 2489 sunt,
832 2433 938 2496 partes·

279 2517 315 2557 ue
326 2496 488 2556 ¹terrarum?
506 2512 553 2555 tot
566 2496 700 2556 viiiorias
711 2494 855 2570 bellicas,
908 2510 936 2556 ot

250 2518 321 2647 funt
336 2579 365 2635 in
378 2596 473 2637 rerum
482 2595 587 2636 uratur-a
598 2596 710 2658 «genera
723 2576 886 2636 bellorum.
904 2594 936 2635 an

252 2656 428 2738 ingenium?
445 2659 633 2737 quumeriam
646 2657 702 2736 ipsi
714 2654 793 2715 casus
810 2673 938 2717 eventus·

257 2755 316 2814 que
334 2757 429 2798 rerum
439 2781 449 2810 ‚
461 2746 527 2796 'non
544 2736 653 2810 duces,
673 2733 723 2796 sed
736 2738 865 2796 comites
881 2732 936 2815 ejus

258 2816 444 2876 consiliorum
458 2815 589 2878 firerint?
609 2819 639 2876 in
653 2837 713 2898 quo
725 2837 791 2878 ‘uno
808 2819 849 2876 itu
866 2814 935 2876 sunt·
983 2834 984 2839 ¹

219 2914 222 2922 ·
258 2912 307 2954 ma
319 2895 448 2958 Fortuna
463 2918 529 2960 cum
546 2896 656 2959 summa
667 2898 777 2961 virtute
793 2898 932 2969 certavit,
982 2928 984 2933 ·
