2117 3942
935 194 1152 238 torem.

1027 276 1085 336 ς.
1121 255 1216 316 Ac
1268 253 1409 314 mihi
1456 253 1692 333 quidem
1739 252 1855 312 hoc
1911 253 1970 312 di

852 354 857 358 '
931 337 1167 398 :videtur
1188 381 1207 410 ‚
1242 336 1358 399 hnc
1390 333 1593 394 deberi
1618 330 1787 412 hujus
1822 338 1973 394 exce'

934 415 1409 497 Praestantissimae
1442 413 1639 495 gloriae
1658 457 1679 484 ,
1709 415 1823 474 hoc
1850 434 1973 495 pro]

935 495 1111 557 vestri
1153 492 1326 556 officii
1352 539 1374 566 ,
1419 494 1533 554 hoc
1573 493 1699 553 satis
1750 491 1863 554 esse
1908 515 1973 554 ca

936 576 1098 656 quod
1139 573 1331 635 fecisse
1375 571 1491 634 Cn.
1535 573 1879 652 Pompeium
1924 596 1973 634 c<

933 675 1142 716 omnes
1180 655 1245 713 &
1277 651 1489 713 licuisse
1529 654 1871 714 concedant.
1915 654 1973 714 N

930 735 1075 797 nihil
1112 732 1194 794 est
1221 779 1240 807 ,
1286 733 1463 814 quam
1503 734 1667 815 quod
1706 732 1973 796 hesterno

927 814 1048 894 ipse
1074 860 1094 890 ‚
1128 817 1206 875 ita
1233 813 1304 874 L.
1340 812 1685 875 Cornelium
1718 814 1791 876 de
1825 813 1973 875 fortu

928 895 1039 955 bus
1077 895 1347 955 dimicare
1369 938 1389 968 ,
1430 911 1493 954 ut
1526 895 1730 954 nullius
1760 896 1820 953 in
1850 895 1973 957 deli

929 994 1261 1037 vocaretur.
1306 973 1447 1034 Non
1484 977 1639 1036 enim
1679 974 1891 1034 furatus
1932 997 1973 1037 e}

927 1071 1052 1116 tem
1074 1101 1094 1131 ‚
1130 1076 1251 1115 non
1292 1075 1470 1138 genus
1505 1054 1663 1115 suum
1691 1058 1972 1116 ementitu

926 1137 1121 1217 aliquo
1145 1136 1469 1217 impudenti
1496 1136 1797 1198 mendacio
1827 1136 1973 1197 delit=

920 1215 1205 1298 irrepsisse
1240 1220 1299 1276 in
1332 1215 1560 1276 censum
1593 1216 1797 1276 dicitur
1828 1237 1841 1274 ε
1867 1238 1973 1277 unt

927 1312 1020 1355 tur
1040 1341 1060 1371 ‚
1094 1317 1293 1357 natum
1326 1294 1437 1356 effe
1461 1294 1760 1368 Gadibus;
1791 1298 1955 1378 qu'od

923 1396 1026 1434 mo
1073 1397 1090 1433 t
1135 1393 1324 1437 cetera
1372 1375 1660 1437 accusator
1703 1375 1915 1437 fatetur
1952 1423 1971 1450 ‚

919 1454 1196 1534 Hispania
1218 1501 1237 1526 ,
1276 1454 1579 1516 durissimo
1610 1457 1771 1517 bello
1800 1502 1819 1530 ‚
1853 1479 1973 1517 curt

916 1535 1103 1606 tello,
1141 1554 1272 1592 cum
1309 1531 1383 1593 C.
1425 1535 1753 1611 Memmio,
1789 1538 1850 1597 &
1883 1541 1940 1598 in
1970 1570 1973 1587 ι

916 1617 976 1673 in
1033 1614 1288 1674 exercitu
1336 1612 1538 1688 fuiffe,
1595 1617 1655 1675 &
1684 1662 1703 1689 ‚
1746 1635 1810 1676 ut
1858 1617 1973 1678 Por.

916 1692 1250 1773 Hispaniam
1278 1696 1540 1769 venerit,
1571 1697 1973 1780 Memmiumq1

917 1773 1258 1855 quaestorem
1302 1778 1543 1856 coeperit
1568 1822 1591 1848 ,
1638 1798 1954 1858 numquam

913 1874 1034 1898 mun
1072 1852 1375 1898 Azsooeciffn
1407 1877 1418 1888 ·
1450 1853 1858 1898 (ficarol-noniano„
1894 1857 1973 1898 nfl'
