2117 3942
85 1248 87 1255 .
131 1208 317 1251 communem
348 1191 482 1285 periculo
508 1188 560 1249 luo
589 1190 627 1249 de

248 350 360 420 Pno
393 350 436 422 P.
471 355 692 425 Samo.
744 376 813 450 191

134 461 293 527 consulatus
311 466 393 539 mei,
410 485 458 528 res
475 486 547 541 eas,
567 488 637 550 quas
653 467 818 552 gelleram,

133 564 233 607 seme
248 566 288 606 cu
310 545 425 620 iebant,
438 548 489 608 reli
510 551 596 630 nique
609 548 818 628 conjurationis

133 627 251 767 inpeezus
288 726 320 765 m
335 568 549 768 ceppstuslgffi
573 630 717 770 retaglati.
743 633 816 728 Ae,

404 727 464 768 me
551 730 604 781 m,
658 727 746 771 atone
764 729 817 772 sn-

132 726 199 847 ffino
209 726 313 868 plglasis
323 830 335 861 ‚
347 786 508 848 fortissimo
517 806 605 869 atque
615 793 727 869 optimo
738 795 817 867 cive,

132 866 336 950 rempublicam
353 866 557 947 defendente,
573 888 627 949 per
641 867 759 951 seipsum
775 872 819 933 le-

131 964 223 1009 natum·
235 948 445 1030 populumque
467 946 657 1022 Romanum,
677 953 738 1010 sine
757 955 816 1013 mi-

131 1028 200 1090 litum
227 1029 398 1111 prasidio,
425 1033 500 1090 tueri
524 1028 608 1088 facile
637 1028 816 1109 majestatem

131 1108 220 1185 lnam,
240 1109 471 1193 &dignitatem
487 1122 611 1183 eorum,
629 1097 816 1249 puidlpputem

642 1209 679 1250 en
701 1213 710 1248 ι
733 1209 782 1251 ent
808 1211 820 1264 ;

85 1268 87 1281 '
131 1268 232 1331 Satius
251 1290 329 1331 eum
347 1271 400 1329 1110
419 1269 472 1330 suo
490 1271 617 1331 exercitu
635 1268 745 1330 summi
764 1290 819 1332 ce·

85 1428 88 1461 ¹
131 1432 185 1511 qnid
200 1430 397 1515 predicens,

96 3080 103 3183 l

131 1350 230 1412 lenitate
247 1348 295 1412 est
309 1349 475 1410 Antonium
489 1350 667 1410 consecutus.
687 1351 745 1410 Hic
759 1371 818 1490 epo

131 1511 175 1573 lem
187 1512 228 1573 ad
240 1532 314 1573 rem
332 1432 636 1593 ςετωῖἑιῐξιηέκὲξπτὶξ
637 1431 817 1592 13ueluillnlli:

131 1594 211 1653 nulos
225 1592 404 1653 admoveris
417 1592 533 1652 homini
542 1582 669 1654 studioso
687 1591 816 1654 fortassis

132 1670 276 1748 villaria,
302 1672 356 1733 sed
372 1689 469 1734 tamen
489 1674 609 1732 nimium
627 1692 815 1735 communem

132 1752 251 1817 Martem
275 1752 408 1835 bellique
432 1752 526 1812 casnm
550 1753 717 1813 metuenti?
744 1754 814 1813 lon·

197 1834 245 1896 eli
262 1854 305 1895 ea
321 1833 440 1905 dicere3
460 1832 510 1893 led
526 1832 583 1892 hoc
601 1833 693 1893 breve
710 1833 816 1892 dicans.

147 1919 152 1931 '
175 1916 224 1976 M.
254 1913 370 1974 Petreii
394 1935 455 1973 non
482 1913 628 1972 excellens
657 1914 754 1971 animo
783 1914 816 1972 δι

133 2014 220 2058 auore
231 1995 411 2076 reipublicae
427 1996 538 2064 virtus,
554 2013 614 2052 non
631 1989 740 2051 summa
752 2000 818 2052 auc·

134 2081 220 2138 tonsas
234 2075 322 2159 apud
338 2075 444 2134 milites
459 2117 469 2147 ,
483 2094 543 2132 non
556 2069 690 2132 mirificus
709 2073 771 2132 usus
785 2076 816 2134 in

134 2159 289 2219 remilitari
306 2153 475 2224 exstitisset,
494 2173 590 2234 neque
606 2150 721 2231 adjutor
738 2156 763 2213 ei
783 2153 816 2216 Ρ.

135 2236 235 2299 Sextius
249 2238 292 2298 ad
310 2235 495 2296 encitandum
510 2235 693 2309 Antonium,
710 2238 817 2295 cohor·

135 2320 266 2394 tandum,
293 2315 506 2397 impellendum
524 2314 640 2388 luille't3
661 2315 743 2375 datus
763 2316 815 2375 illo

136 2399 245 2461 libello
260 2395 339 2459 ess'et
353 2396 441 2455 hiemi
452 2395 550 2468 locus,
569 2417 664 2476 neque
678 2415 817 2475 umquam
894 2420 898 2427 ·

136 2476 279 2552 Catilina,
306 2496 399 2559 quum
420 2492 437 2536 e
456 2478 558 2556 pruina
576 2477 750 2554 Apennini,
773 2489 817 2531 at-

137 2578 178 2640 ne
192 2580 211 2624 e
223 2556 350 2621 nivibus
371 2557 425 2615 illis
444 2552 622 2626 emersill'et,
638 2568 725 2632 atque
739 2551 819 2611 aesta·

137 2656 181 2702 lem
193 2645 350 2724 integram
368 2635 484 2709 nullus,
501 2634 589 2694 Italiae
605 2633 692 2693 calles
708 2633 740 2691 &
754 2652 820 2712 pas·

138 2736 219 2784 torum
234 2718 355 2781 stabula
368 2716 502 2796 praeclara
516 2711 656 2794 cepisset,
673 2715 734 2772 sine
750 2711 821 2771 mul·

139 2803 338 2886 relanguine,
357 2817 390 2855 ac
407 2799 467 2855 sine
481 2798 570 2856 totius
588 2793 677 2854 ltaliae
690 2791 818 2857 vastitate

140 2884 291 2949 miserrima
309 2874 487 2942 concidisset.
