2117 3942
156 383 217 436 uc
243 362 557 434 Anustrcuti
580 366 720 437 Rutu.
752 371 829 464 167

136 482 221 547 fllute
235 483 341 564 patria
358 480 489 561 quotidie
506 479 641 545 dimicare
656 527 666 558 ,
684 501 745 545 erat
761 508 834 547 om„¹

138 586 204 626 no
216 565 304 637 illis,
322 563 370 643 qui
387 580 448 622 tum
463 563 671 643 rempublicam
686 566 833 647 guberna·

138 646 227 720 bant,
244 641 404 705 molestum
418 664 427 716 ;
443 641 493 702 sed
506 644 631 704 habebat
650 667 685 706 ea
697 646 830 708 molestia

141 725 298 808 qnamdam
315 741 414 785 tamen
430 723 611 806 dignitatem.

172 806 252 867 XX.
272 804 333 865 Hic
354 805 449 878 verb,
470 805 587 886 dequo
608 825 664 888 ego
687 805 746 886 ipse
766 824 830 868 tam

141 889 225 949 multa
248 907 328 946 nunc
351 886 442 959 dico,
461 885 537 966 proh
560 885 599 944 dii
616 888 792 947 immortales
812 887 827 947 l

142 969 204 1050 qnid
216 966 281 1029 estl
299 966 369 1048 quid
382 966 485 1033 valet?
504 966 574 1048 quid
587 965 691 1040 affert,
704 985 736 1027 ut
750 984 830 1029 tanta

142 1051 265 1123 civitas,
293 1051 320 1107 si
346 1047 431 1108 cadet
454 1043 567 1127 (quod
593 1049 633 1107 dii
655 1067 746 1108 omen
771 1049 831 1108 ob·

142 1147 222 1190 ruant
234 1129 270 1212 l)
284 1151 303 1188 a
321 1131 386 1189 viro
402 1144 504 1188 tamen
521 1127 654 1189 confedla
670 1127 830 1189 videatur?

144 1214 190 1292 qni
213 1209 279 1291 post
302 1211 391 1288 patris
419 1225 571 1282 mortem,
600 1209 722 1290 primam
751 1209 831 1268 illam

145 1291 284 1350 etatulam
303 1288 384 1349 suant
405 1289 443 1348 ad
460 1288 617 1349 scurrarum
640 1288 829 1370 locupletium

146 1371 272 1432 libidines
299 1369 429 1442 detulit;
477 1391 579 1429 uorum
606 1370 831 1451 intemperantii

147 1452 284 1534 expleti,
313 1453 345 1510 in
369 1451 459 1512 dome
485 1453 535 1510 'cis
559 1448 600 1511 est
630 1453 831 1533 germanitatis

147 1531 239 1614 llupris
256 1532 408 1594 volutatus
432 1554 440 1590 ι
462 1531 568 1592 deinde
587 1529 646 1610 jam
668 1530 825 1604 robustus,

148 1616 298 1694 pruvincia
322 1610 378 1687 se,
398 1633 434 1672 ae
454 1614 497 1673 rei
520 1613 634 1672 militari
654 1613 760 1686 dedit,
782 1633 830 1673 at·-

86 1680 100 1773 ξ
149 1714 196 1775 qne
213 1697 254 1755 ibi
270 1695 430 1774 piratarum
447 1694 637 1754 contumelias
657 1692 804 1776 perpessus
818 1734 830 1768 ‚

87 1776 100 1835 l
150 1777 226 1836 etism
244 1773 371 1836 Cilicum
396 1773 555 1848 libidines,
579 1774 831 1855 Barbarommque

86 1922 91 1955 l

148 1855 250 1918 satiavit
268 1877 277 1915 τ
292 1853 379 1937 pbst,
399 1856 527 1914 exercitu
543 1854 578 1914 L.
598 1855 707 1915 Luculli
725 1855 831 1915 sollici-

149 1954 203 1997 tato
227 1958 283 2018 per
304 1935 461 1996 nefandum
486 1934 601 2008 scelus,
626 1935 699 2016 fugit
722 1937 830 2007 illinc,

149 2017 333 2098 Romaeque‚
364 2018 475 2076 recenti
503 2015 634 2075 adventu
659 2015 734 2088 suo,
764 2036 830 2074 cum

148 2101 314 2180 propinquis
330 2097 383 2156 suis
401 2096 532 2169 decidit,
553 2116 590 2156 ne
608 2115 675 2155 reos
690 2095 800 2156 faceret
820 2116 829 2156 τ

149 2201 163 2239 a
177 2179 304 2241 Catilina
322 2180 476 2259 pecuniam
493 2180 630 2257 accepit,
653 2195 683 2236 ut
700 2178 831 2259 turpissi-

149 2262 191 2320 me
206 2262 445 2342 praevaricaretur
461 2281 468 2317 ε
484 2258 553 2318 inde
571 2280 637 2317 cum
658 2259 781 2319 Murena
799 2258 830 2320 se

149 2343 176 2399 in
185 2339 311 2401 Galliam
323 2341 445 2400 contulit
457 2361 466 2412 3
480 2341 577 2420 inqua
590 2344 738 2420 provincia
752 2361 832 2399 mutd

149 2440 262 2482 tuorum
283 2420 458 2483 testamenta
482 2420 677 2500 conscripsit,
704 2421 831 2500 pupillos

151 2505 295 2578 necavit,
321 2501 445 2562 nefarias
473 2521 540 2560 cum
566 2502 662 2560 multis
690 2499 831 2560 sceletum

152 2583 292 2662 pastiones
308 2628 318 2658 ,
337 2581 545 2662 societatesque
565 2582 703 2640 conflavit
725 2601 732 2637 ι
753 2580 832 2637 unde

152 2681 179 2722 ut
195 2667 303 2737 rediit,
327 2661 466 2745 quaestum
484 2663 565 2722 illum
587 2661 711 2719 maxime
729 2658 834 2717 fecun-

153 2744 236 2821 dum,
257 2748 464 2825 uberemque,
493 2740 710 2820 campestrem,
735 2756 831 2799 totum

154 2826 226 2888 adse
240 2830 279 2887 ita
295 2826 432 2920 redegit,
445 2840 477 2882 ut
488 2824 582 2882 homo
597 2821 743 2900 popularis
758 2818 833 2880 frau.

155 2905 226 2969 darer
251 2902 471 2989 improbissime
494 2902 669 2988 populum,
695 2901 837 2985 idemque
