2117 3942
257 396 336 475 ‘404
481 376 593 446 Ona
609 396 633 446 τ
647 394 705 447 10
765 383 768 389 '

257 498 338 556 mum
350 489 452 552 Caecus
466 491 534 553 ille:
547 495 698 552 minimum
712 488 790 550 enim
804 487 943 553 dolorem

250 574 370 654 sapiet,
388 574 438 651 qui
461 569 543 632 istam
566 593 627 634 non
651 571 782 632 videbit:
797 573 847 650 qui
868 593 943 652 pro-

251 653 356 725 feet,
382 654 406 710 si
423 650 580 726 exstiterit,
604 655 644 711 sic
660 669 725 733 aget
739 651 770 710 &
781 653 822 710 sic
835 651 944 732 loque-

254 749 320 793 tur:
336 731 467 805 Mulier,
484 733 554 813 quid
575 732 626 791 tibi
645 752 710 790 curn
734 728 856 792 Coelio?
872 732 942 812 quid

253 833 321 872 cum
332 813 451 873 homine
464 811 700 874 adolescentulo?
712 811 782 891 quid
794 812 944 885 cumalie·

255 893 321 954 no?
343 908 459 952 euraut
476 909 537 952 tam
556 892 699 952 familiaris
717 892 782 950 huic
799 890 896 966 fuisti,
909 909 942 952 ut

253 973 354 1033 auium
372 973 600 1043 commodares,
618 988 665 1031 aut
683 990 742 1031 tam
759 973 941 1045 inimica,ut

254 1073 404 1114 venenum
422 1052 563 1114 timeres?
578 1073 638 1111 non
659 1071 772 1130 patrem
792 1067 876 1111 tuum
893 1054 941 1111 vi·

256 1134 363 1195 denas?
379 1153 439 1193 non
460 1132 618 1214 patruum?
641 1153 702 1192 non
724 1152 833 1204 avum,
871 1154 939 1192 roa·

254 1234 348 1285 vum,
366 1229 482 1272 atavum
502 1213 630 1272 audieras
651 1209 782 1271 consules
800 1210 840 1271 fu'
865 1212 904 1271 e?

252 1306 255 1310 '
298 1311 345 1371 34.
366 1291 437 1352 Non
454 1293 579 1373 denique
601 1292 691 1351 modo
709 1308 739 1352 te
760 1290 804 1370 Q.
825 1290 938 1351 Metelli

237 1375 471 1433 ‘matrimonium
496 1370 616 1432 tenuiffe
643 1370 775 1444 sciebas,
795 1368 939 1431 clarissimi

255 1475 290 1512 ac
305 1452 451 1512 fortissimi
469 1453 545 1524 viri,
559 1454 714 1532 patriaeque
732 1451 937 1511 amantissimi?

254 1535 303 1612 qui
313 1576 322 1605 ,
334 1531 418 1590 simul
430 1551 463 1589 ac
474 1532 580 1610 pedem
591 1532 690 1593 limine
702 1531 862 1604 extulerat,
875 1553 941 1592 om·

254 1632 308 1672 nes
324 1611 417 1692 prope
438 1612 542 1684 cives,
561 1615 688 1682 virtute,
709 1611 825 1692 gloria,
846 1613 941 1694 digni-

253 1707 315 1751 tate
334 1691 506 1771 superabat:
525 1694 571 1750 cui
593 1713 682 1772 quum
703 1711 739 1751 ex
761 1693 941 1772 amplissimo

252 1791 361 1852 genere
380 1775 409 1831 in
428 1770 565 1831 familiam
577 1773 769 1831 ¹clarissimam
782 1771 940 1852 nupsiffes,

251 1872 305 1911 tur
324 1852 375 1910 tibi
396 1848 506 1912 Coelius
527 1869 586 1911 tarn
604 1851 774 1930 conjunctus
792 1851 871 1912 fuit?
887 1875 940 1913 co.-

315 1949 359 1991 tus
374 1932 395 1996 l,
408 1929 522 1992 affinis?
542 1934 597 1992 viri
619 1935 660 1991 tui
682 1931 852 1992 familiaris?
872 1934 940 1994 nihil
965 1983 967 1987 .

277 2034 361 2070 orum
374 2034 381 2071 ε
394 2012 462 2092 quid
482 2014 567 2092 igitur
583 2010 655 2082 fuit,
669 2015 722 2073 nisi
740 2013 875 2094 quaedam
890 2032 939 2076 te·

252 2095 370 2156 meritas
389 2114 422 2153 ac
443 2092 562 2152 libido?
587 2092 694 2154 Nonne
714 2109 768 2166 te,
791 2096 813 2153 si
836 2092 938 2154 nostrae

254 2172 394 2252 imagines
416 2172 513 2232 viriles
538 2194 598 2231 non
623 2174 880 2247 commovebant,
902 2194 938 2234 ne

252 2255 408 2331 progenies
426 2252 543 2331 quidem
565 2273 651 2325 mea,
669 2255 712 2333 Q.
730 2253 778 2312 illa
796 2253 936 2328 Claudia,
964 2304 966 2308 .

253 2332 385 2390 aemulam
403 2330 566 2390 domesticae
580 2334 712 2394 laudisin
728 2334 819 2413 gloria
834 2336 937 2395 mulie·
963 2384 965 2389 .

253 2411 298 2471 bri
317 2410 372 2471 elle
392 2411 595 2472 admonebat?
615 2427 676 2473 non
692 2417 774 2495 virgo
793 2414 840 2473 illa
861 2414 936 2475 Ves-

252 2493 315 2551 talis
326 2491 446 2552 Claudia
457 2512 466 2564 3
477 2513 540 2572 quae
553 2509 665 2572 patrem
675 2494 827 2574 complexa
838 2496 934 2556 triumr

253 2574 392 2653 phantem
402 2573 437 2630 ab
448 2575 564 2632 inimico
577 2575 691 2634 tribuno
703 2574 794 2655 plebis
804 2574 844 2634 de
854 2594 930 2635 curm

252 2654 364 2713 detrahi
380 2650 455 2732 palla
470 2674 530 2713 non
548 2652 611 2714 est?
626 2677 675 2715 cur
688 2674 718 2719 ,te
731 2654 858 2715 fraterna
870 2656 931 2715 vitis

251 2735 371 2811 potius,
388 2733 473 2813 quam
490 2734 570 2793 bona
589 2754 729 2814 paterna,
745 2735 778 2796 ὃ(
795 2735 928 2809 avita,&

254 2811 341 2892 usque
360 2835 375 2872 a
397 2815 480 2874 nobis
502 2835 590 2894 quum
609 2817 638 2875 in
658 2818 748 2889 viris,
767 2833 830 2875 tum
849 2817 927 2877 etiam
972 2870 975 2877 .

251 2892 281 2949 in
304 2891 416 2956 feminis
442 2898 594 2977 repetita,
620 2897 804 2964 moverunt?
828 2897 926 2963 ideone
