2117 3942
162 364 562 443 nn'Anurrrcvrr
583 370 726 442 Rern.
756 388 830 469 145,

136 502 191 547 run
206 504 326 559 vacua,
344 500 433 565 atque
449 483 545 564 pura?
562 485 751 568 Quamquam
765 508 831 549 ves·

84 572 88 627 Ξ
135 582 182 629 ure
197 566 330 638 dornus,
348 563 447 625 Patres
460 564 632 647 conscripti,
647 584 829 628 ceterorum-

135 668 186 730 que
205 648 340 719 civium,
357 645 451 705 multo
468 648 594 706 maxima
612 667 648 708 ex
665 666 746 728 parte
760 647 826 709 sunt

85 736 87 811 J
134 730 227 790 llberae
248 727 395 808 religione
411 747 420 798 ;
436 742 536 786 tamen
557 748 613 786 una
632 748 698 788 mea
719 727 827 790 domus

133 806 244 890 judiciis
260 808 400 868 omnibus
415 805 535 866 liberata
545 810 599 878 ,in
614 808 667 866 ltac
679 809 751 870 urbe
764 808 825 873 solt

134 888 178 951 est.
198 888 252 949 Te
275 890 355 947 enim
375 887 521 967 appello,
543 886 690 962 Lentule,
713 890 747 949 δι
768 908 823 964 te,

132 968 285 1066 philippe:
305 988 344 1029 ex
360 967 416 1028 hoc
435 966 593 1047 aruspicum
611 968 747 1050 responso
769 971 825 1032 de-

134 1067 223 1113 crevit
239 1049 377 1121 senatus,
390 1065 422 1107 ut
438 1049 476 1108 de
495 1049 566 1108 locis
580 1048 664 1109 sacris
682 1050 824 1131 religiosis

135 1132 168 1193 ed
183 1131 261 1191 hunc
279 1130 416 1190 ordinem
431 1127 593 1190 referretis:
605 1128 759 1212 potestisne
774 1151 826 1191 re-

137 1211 210 1273 letre
224 1211 261 1272 de
277 1230 346 1270 mea
363 1210 456 1269 domo
471 1210 557 1290 iquae
571 1208 627 1293 (ut
646 1208 728 1292 dixi)
744 1208 827 1286 sola,

136 1293 227 1353 inhac
242 1292 339 1363 urbe,
354 1293 436 1351 omni
452 1290 617 1372 religione,
632 1293 768 1351 omnibus
779 1289 827 1370 ju·

137 1373 211 1434 ditiis
227 1418 236 1447 ,
255 1373 379 1433 liberata
397 1369 437 1431 est
452 1392 459 1429 z
475 1391 562 1453 quarn
579 1374 704 1454 primum
723 1373 825 1432 inimi-

136 1475 179 1515 cus
199 1453 262 1535 ipse
285 1455 315 1512 in
338 1452 386 1511 illa
409 1451 580 1533 tempestate
601 1474 635 1513 ac
659 1451 744 1513 nodie
763 1454 824 1514 rei-

135 1535 253 1618 publicae
263 1579 274 1607 ,
285 1555 377 1616 quum
392 1549 488 1592 cetera
501 1532 608 1594 scelera
624 1532 687 1593 stilo
702 1533 752 1593 illo
765 1535 823 1594 int-

135 1638 202 1698 puro
218 1616 292 1677 Sex.
309 1612 408 1674 Clodii
422 1634 473 1674 ote
489 1615 579 1675 tindlo
596 1611 822 1695 conscripsisset,

135 1718 166 1760 ue
188 1698 250 1758 und
272 1695 392 1776 quidem
412 1696 504 1776 attigit
528 1697 624 1756 litteral
652 1697 703 1755 reli
724 1697 819 1756 ionis:

135 1778 237 1841 deinde
260 1776 400 1837 eamdem
420 1775 541 1834 domurn
561 1774 686 1857 populus
704 1716 821 1836 {oma-

136 1881 200 1935 nus,
213 1856 300 1938 cujus
316 1855 356 1916 est
370 1855 479 1914 summa
489 1856 618 1934 potestas
631 1858 761 1915 omniurn
773 1877 820 1916 re·

134 1962 216 2015 rum,
241 1959 369 1999 commis
389 1956 577 2010 centuriatis,
597 1958 726 1996 omnlum
747 1955 821 1994 aeta-

133 2039 187 2083 um
214 2021 415 2097 ordinumque
440 2014 604 2099 suffragiis,
626 2017 733 2077 eodem
756 2015 819 2095 jure

133 2103 182 2164 elle
201 2099 311 2181 jussit,
330 2121 389 2180 quo
408 2096 511 2158 fuiffet.

168 2203 216 2245 12.
237 2179 345 2241 Postea
362 2201 437 2251 vos,
455 2178 554 2237 Patres
573 2176 743 2257 conscripti,
757 2199 819 2239 non

133 2265 207 2345 quod
225 2263 317 2322 dubia
336 2281 381 2320 res
407 2257 496 2332 effet,
511 2259 561 2319 sed
581 2277 611 2317 ut
631 2261 697 2318 huic
716 2259 817 2333 furiae,

134 2349 153 2404 si
171 2346 281 2404 diutius
302 2344 331 2400 in
348 2342 402 2400 hac
420 2342 517 2413 urbe,
541 2361 626 2420 quarn
647 2341 745 2400 delere
764 2363 819 2400 cu-

133 2443 238 2506 peret,
262 2438 415 2492 maneret‚
433 2442 495 2482 vox
510 2421 747 2491 interdiceretur,
761 2421 819 2479 de-

133 2505 279 2578 crevistiS,
299 2522 329 2562 ut
349 2503 386 2562 de
406 2523 535 2562 mearum
551 2502 657 2560 aedium
676 2501 819 2581 religione

134 2589 165 2647 ed
184 2583 361 2669 pontificum
381 2582 537 2664 collegium
554 2581 718 2641 referretur.
737 2579 819 2658 Quae

134 2684 206 2728 unta
223 2667 330 2746 religio
352 2662 414 2736 est,
435 2665 492 2744 quit
512 2683 573 2721 non
593 2663 622 2719 in
641 2659 742 2719 nostris
762 2660 819 2717 du-

134 2747 345 2816 bitationibu5‚
365 2761 393 2802 at
415 2764 450 2803 ue
473 2747 502 2802 in
527 2744 657 2800 maximis
684 2739 712 2798 su
736 2739 818 2800 ersti-

135 2829 280 2900 tionibus,
295 2828 378 2884 unius
395 2766 428 2884 l.
444 2822 579 2896 Servilii,
595 2843 628 2879 ac
645 2819 689 2879 M.
708 2762 819 2883 lluculli

135 2905 294 2989 responso,
312 2926 346 3048 ap
362 2905 457 2967 verbo
476 2902 653 2966 liberemur?
667 2900 717 3044 IG)e
736 2901 822 2967 sacris

173 2994 278 3052 Turnus
301 2993 330 3051 V
345 3029 352 3046 .
