2117 3942
263 398 343 474 450
484 375 706 446 ORATIO

263 490 406 553 consulem
425 509 600 564 numerem,
623 493 686 550 sine
704 508 764 570 quo
781 485 889 549 Romae
907 486 945 551 ne

262 592 346 654 teges
358 570 476 652 quidem
492 570 550 633 effe
565 569 746 652 potuerunt?
764 566 884 629 Etenim
900 570 946 629 illa

264 650 273 666 '
293 673 322 711 m
345 653 452 712 omitto
465 672 573 734 :quum
586 651 736 712 sartonam
755 649 886 709 delearis
900 651 947 710 ita·

262 672 379 792 deretur
388 734 419 791 in
429 730 517 806 foto;
533 753 613 793 arma
628 734 658 792 in
669 729 814 812 templum
821 728 947 791 castoris

263 813 331 873 luce
350 813 383 872 &
397 812 494 894 palam
511 809 837 952 comgotmrenturtid
853 807 948 873 autent

264 893 426 973 templum,
436 892 548 954 sublato
559 914 576 953 a
597 896 637 953 'tu
649 938 658 967 ‚
668 891 792 953 revulsis
804 893 948 972 gradibus,

266 994 283 1033 a
303 970 519 1052 conjuratorum
539 974 664 1054 reliquiis
679 990 799 1054 atquea
818 969 950 1033 Catilina

266 1056 485 1135 praevaricatore
504 1055 674 1137 quondam,
695 1070 759 1112 tum
776 1053 949 1127 ultramar-

268 1136 324 1193 mis
339 1151 503 1207 teneretur3
559 1154 609 1194 um
629 1134 739 1214 equites
754 1131 886 1192 Romani
902 1152 950 1193 τοι

267 1215 450 1296 legarentur·⁹
466 1155 603 1275 νίῐὶῗοπὶ
617 1215 642 1274 ia
664 1213 759 1272 idibus
773 1232 792 1272 e
805 1211 875 1275 doto
889 1213 949 1294 pel*

267 1293 415 1370 letentur,
433 1295 542 1356 senatui
560 1316 620 1354 non
637 1236 732 1355 dnum
748 1296 853 1367 iuvare
871 1312 951 1354 tem·

269 1375 436 1457 publicam,
454 1374 561 1437 sedne
579 1376 679 1514 iuffiere
698 1373 820 1456 quidem
839 1373 953 1445 liceret3

310 1474 360 1514 um
374 1456 444 1515 civia
454 1458 496 1528 is,
510 1475 599 1536 quem
637 1457 662 1514 ic
678 1454 774 1528 orde,
788 1451 955 1515 assentiente

269 1475 372 1608 ditia,
398 1535 560 1632 cundisque
580 1536 738 1618 gentibus,
760 1535 955 1597 conservato·

269 1634 333 1674 rem
350 1617 447 1694 patria
466 1613 622 1695 judicarat,
640 1617 721 1676 nullo
735 1614 866 1695 judicio,
880 1615 955 1676 nulli

270 1695 355 1776 lege,
379 1696 460 1756 nullo
486 1716 590 1768 more,
614 1695 732 1757 servitio
758 1713 788 1756 at
810 1717 848 1757 ue
874 1698 955 1757 armis

271 1776 445 1857 pelleretur,
455 1797 517 1839 non
528 1778 621 1838 dicam
631 1777 737 1837 auxilio
747 1798 768 1838 v
828 1798 868 1852 ο,
879 1774 956 1859 qnod

272 1857 344 1917 verd
361 1857 428 1917 licet
449 1857 565 1928 dicere,
581 1857 631 1918 sed
651 1858 730 1917 terre
744 1857 863 1918 silentio
874 1879 884 1928 3
894 1867 956 1918 'tum

273 1935 379 1998 Roma
396 1935 476 2000 fuiffe
495 1938 624 1999 consules
644 1936 793 2019 quisquam
812 1935 957 2016 existima·

273 2017 341 2078 bit?
365 2018 428 2098 Qui
446 2019 572 2081 latrones
588 2019 696 2099 igitur,
716 2020 741 2077 si
806 2019 888 2080 idem
906 2039 958 2079 voa

276 2097 430 2161 eonsules?
448 2102 497 2182 qui
515 2098 688 2182 praedones,
706 2101 756 2179 qui
816 2097 898 2174 stes,
914 2100 959 2180 qui

275 2178 461 2258 proditores,
485 2183 534 2262 qui
558 2181 673 2258 tyranni
691 2180 941 2241 nominabuntur?

317 2256 376 2317 XI.
396 2258 539 2340 Magnum
558 2280 670 2320 nomen
691 2256 752 2331 est,
770 2276 880 2343 magna
899 2261 960 2344 spe·

277 2335 359 2404 cies‚
386 2357 489 2420 magna
514 2340 667 2419 dignitas,
693 2360 800 2421 magna
830 2339 961 2420 majestas

276 2414 399 2479 consulis
421 2437 430 2476 t
451 2439 512 2478 non
537 2419 653 2498 capiunt
674 2419 809 2499 angustiae
837 2421 960 2503 pefiotis

265 2501 341 2572 tui,
360 2519 421 2558 non
437 2499 540 2580 recipit
559 2499 662 2560 levitas
678 2499 751 2572 ista,
769 2521 833 2560 non
853 2501 961 2586 egestas

279 2581 383 2638 animi:
397 2600 458 2639 non
471 2578 618 2661 infirmitas
632 2583 739 2662 ingenii
751 2579 889 2659 sustinet,
905 2601 960 2649 non

278 2659 428 2722 insolentia
448 2681 544 2722 rerum
562 2659 750 2722 secundarum
767 2677 883 2722 tantam
897 2682 962 2744 per·

279 2737 400 2814 sonam,
418 2758 479 2801 tam
497 2762 636 2824 gravem,
660 2760 720 2802 tam
737 2741 881 2805 severam.
908 2742 960 2804 Se·

280 2819 370 2898 plasia
391 2822 556 2896 mehercle,
579 2839 612 2884 ut
632 2823 687 2882 dici
710 2823 889 2897 audiebam,
917 2841 961 2894 te,

281 2916 313 2959 nt
324 2903 448 2984 primittn
460 2902 587 2987 adspexit
596 2944 609 2980 ,-
619 2901 804 2987 Campanum
817 2904 961 2968 consulem
