2117 3942
253 398 369 474 414·
475 380 717 451 Onarro

173 556 176 561 .
250 498 369 566 lorum,
386 510 447 555 non
460 493 592 555 libertate
605 493 763 567 sermonis,
780 491 831 553 sed
848 495 939 556 eriam

253 576 428 658 complexu,
444 576 640 647 osculatione,
655 580 757 657 aquis,
774 573 940 669 navigatio·

249 666 313 730 ne,
339 657 506 726 conviviis,
525 673 559 714 ut
579 675 641 714 non
664 655 756 716 solum
781 671 938 729 meretrix,

159 787 164 797 .
248 737 413 796 sedetiam
439 754 549 816 procax
573 735 727 796 videaur:
750 754 818 794 curn
840 735 940 796 hacsi

250 819 318 896 quis
333 812 499 876 adolescens
516 814 592 876 fone
608 813 712 890 suerit,
731 818 829 874 mrum
840 814 887 875 hic
903 818 940 875 ri-

252 897 285 956 ln
297 941 308 968 ,
322 897 357 956 'L.
380 897 528 969 Herenni,
541 895 670 970 adulter,
688 916 725 955 an
740 912 854 956 amator
867 916 877 968 ;
888 915 940 956 ex·

249 994 384 1117 pupnprre
404 976 590 1116 ppldiciriapn,
603 996 640 1036 an
654 976 773 1058 explere
788 975 939 1037 libidinem

250 1077 297 1118 no
309 1077 336 1116 ur
360 1076 424 1116 em
445 1072 527 1116 entur

251 1170 255 1177 ·
301 1154 347 1219 50.
370 1134 539 1197 Obliviscor
558 1133 618 1215 jum
639 1134 777 1216 injurius,
802 1132 910 1195 Clodia
928 1155 938 1209 ;

249 1216 378 1300 ‘depono
396 1217 569 1278 memoriam
586 1215 696 1276 doloris
712 1216 790 1275 rn'ei:
806 1234 871 1296 quae
887 1216 940 1275 abs

250 1313 287 1357 re
308 1297 460 1358 crudeliter
477 1300 507 1356 in
522 1316 626 1369 meos,
642 1316 691 1357 rne
709 1294 826 1356 absente
842 1294 939 1370 ‚faor

251 1377 340 1452 funt,
360 1378 495 1459 negligo:
520 1392 559 1436 ne
580 1379 635 1437 sint
653 1378 719 1437 haec
739 1378 769 1435 in
787 1391 818 1436 te
840 1375 939 1450 dicia,

251 1476 319 1538 ‹111ae
341 1457 422 1516 dixi:
444 1456 493 1516 sed
511 1476 548 1525 ex
565 1472 595 1516 te
615 1455 675 1537 ipsa
691 1458 807 1539 requiro
826 1497 839 1526 ,
858 1474 940 1538 quo·

252 1538 333 1596 niam
358 1537 388 1597 ὃ(
413 1539 522 1596 crimen
544 1536 721 1598 accusatores
748 1537 798 1596 abs
826 1551 857 1597 ne
876 1580 887 1611 ‚
909 1537 942 1597 ἃ

252 1615 361 1677 restem·
376 1615 437 1696 ejus
452 1618 576 1677 criminis
589 1634 619 1678 te
632 1617 721 1698 ipsam
735 1617 835 1676 dicunt
846 1615 878 1676 se
890 1617 943 1677 ha·

250 1695 345 1757 bere:
367 1699 390 1756 si
411 1716 466 1777 qua
484 1697 586 1756 mulier
603 1699 639 1756 sit
659 1695 846 1777 hujusmodi,
864 1716 942 1778 qua·

253 1776 315 1837 lem
332 1796 388 1858 ego
408 1778 494 1858 paulo
508 1777 574 1836 anre
591 1777 746 1859 descripsi,
757 1778 800 1837 cui
813 1775 942 1836 dissimi-

254 1856 291 1919 lis
309 1903 320 1933 ‚
336 1857 424 1929 vird,
445 1856 631 1938 institutoque
654 1858 819 1919 meretricio
834 1876 844 1930 ;
872 1876 943 1917 cum

249 1939 309 1999 lrac
336 1938 442 2018 aliquid
471 1937 684 2001 adolescentem
708 1938 860 1998 hominem
890 1939 943 1999 ln·

252 2017 344 2079 unisse
361 2019 499 2091 rationis,
512 2039 582 2078 num
595 2019 647 2078 tibi
664 2035 800 2099 perturpe
813 2034 863 2077 aut
877 2038 944 2100 pen·

251 2098 427 2180 'flagitiosum
450 2097 506 2159 esse
529 2098 693 2159 videatur?
722 2097 765 2158 Ea
784 2099 807 2156 si
826 2116 858 2158 tu
881 2120 943 2160 non

255 2195 288 2238 es
299 2223 308 2250 ,
319 2181 392 2238 sicut
412 2198 469 2260 ego
482 2179 581 2251 malo,
596 2178 666 2260 quid
686 2177 748 2251 ess,
765 2178 847 2264 quod
863 2178 945 2258 obji-

257 2258 334 2316 ciant
346 2256 444 2316 Coelio
458 2258 468 2316 s
483 2262 525 2317 sin
540 2278 604 2317 earn
615 2275 645 2318 re
660 2260 764 2319 volunt
773 2256 855 2332 esse,
873 2260 943 2340 quid

252 2335 321 2410 vest,
335 2356 385 2396 cur
396 2356 450 2396 nos
458 2340 572 2398 crimen
590 2339 668 2412 hoc,
680 2340 703 2398 si
711 2355 743 2398 tu
757 2342 942 2414 contemnis,

252 2415 488 2500 pertimescemus
501 2416 512 2476 i
527 2417 630 2496 Quare
642 2419 726 2479 nobis
738 2418 775 2478 da
786 2419 887 2493 viam,
900 2441 941 2480 ru·

253 2497 943 2658 {ssssssdssssls⁵n.”mesnil

254 2661 311 2719 rius
329 2657 385 2720 esse
399 2656 524 2732 sadum
545 2675 594 2718 cut
607 2659 788 2740 impudentis
805 2661 837 2719 δι
856 2660 937 2734 huic,

255 2738 295 2797 dc·
309 2742 409 2799 cereris
421 2760 556 2822 magnam
568 2741 605 2800 ad
617 2740 645 2802 sc
664 2738 885 2805 defendendum
899 2738 941 2802 sa·

259 2817 396 2878 cultatem
416 2820 503 2880 dabit.

296 2896 391 2961 XXI.
416 2900 474 2964 Sed
495 2901 638 2984 quoniam
662 2898 809 2964 emersisse
834 2899 895 2983 jum
919 2916 938 2964 e
