2117 3942
276 355 375 426 Pro
404 359 478 429 Cn.
505 359 744 430 PzAncro.
782 377 861 453 549

171 498 174 503 ·
211 486 294 530 atum
321 471 498 531 crimineris?
528 473 599 545 An,
625 494 714 555 quum
738 477 864 556 populus

174 492 331 613 ffomanus
360 550 410 608 illo
432 549 697 627 senatusconsulto,
726 557 807 636 quod
834 560 865 617 in

174 644 373 693 monumento
392 628 478 689 Marii
499 631 606 690 facium
629 632 691 706 est,
716 655 775 715 quo
799 655 865 696 mea

176 710 252 772 salus
269 707 405 768 omnibus
425 707 466 768 est
484 713 617 791 gentibus
640 714 864 788 commendata,

175 786 303 859 uniCn.
320 786 438 848 Plancio
455 793 558 870 gratias
578 794 669 872 egerit
674 789 773 930 imus
787 796 865 856 enim

175 869 233 931 fuir
242 868 282 929 de
293 866 516 949 magistratibus,
531 868 665 930 defensor
686 872 769 931 alutis
779 892 864 947 meae,

177 952 227 1010 cui
243 946 356 1008 senatus
375 969 430 1028 pro
448 969 496 1009 me
513 952 617 1030 gratias
638 951 763 1032 agendas
779 967 865 1032 puta-

176 1025 248 1109 vit)
262 1029 323 1087 eie
343 1048 363 1087 o
375 1050 392 1087 a
402 1047 451 1088 me
469 1029 651 1090 referendam
692 1032 791 1091 ratiam
802 1052 864 1092 non

178 1105 305 1192 putem?
318 1048 427 1188 firmi,
437 1127 503 1168 eum
522 1130 612 1191 quum
627 1050 729 1182 vides,
743 1130 802 1191 quo
816 1131 865 1171 me

178 1187 303 1250 tandem
319 1189 415 1248 animo
431 1191 461 1247 in
482 1206 512 1249 te
532 1205 615 1268 putas
635 1187 865 1262 effe,Lateren·

179 1267 241 1329 sis?
256 1265 345 1327 ullum
358 1265 415 1328 effe
430 1284 543 1327 tantum
560 1270 738 1349 periculum,
753 1286 865 1330 tantum

179 1348 338 1430 laborem,
364 1362 474 1407 tantam
501 1351 747 1422 contentionem,
778 1369 866 1431 quam

181 1448 242 1510 ego
259 1447 321 1487 non
337 1426 429 1487 modo
468 1447 501 1485 ro
518 1426 607 1489 salute
625 1445 693 1503 tua,
712 1427 867 1490 sedetiam

181 1530 239 1590 pto
268 1507 405 1587 dignitate
453 1507 625 1588 efugerem?
649 1508 722 1588 Quo
746 1510 866 1591 quidem

183 1590 274 1650 etiam
286 1589 377 1668 magis
392 1585 470 1658 sum,
484 1607 544 1647 non
562 1588 658 1648 dicam
677 1587 760 1648 miser
772 1588 866 1669 (nam

181 1668 243 1729 hoc
261 1666 381 1747 quidem
402 1666 540 1726 abhorret
559 1689 577 1726 a
594 1669 700 1728 virtute
717 1667 867 1750 verbum)

183 1747 236 1809 sed
251 1747 331 1807 certe
350 1747 513 1808 exercitus:
534 1767 594 1806 non
617 1747 682 1825 quia
704 1746 799 1807 multis
815 1748 868 1809 de·

184 1830 269 1899 beo;
294 1825 361 1888 leve
383 1829 460 1887 enim
482 1846 577 1899 onus,
598 1823 730 1884 beneficii
755 1829 866 1908 gratia:

185 1907 237 1969 sed
256 1907 328 1988 'quia
349 1905 422 1986 sepe
443 1907 585 1984 concurrit
611 1922 732 1984 propter
752 1908 867 1987 aliquo·

187 2007 253 2047 rum
278 1986 315 2045 de
334 2005 382 2045 me
406 1986 574 2045 meritorum
595 1985 671 2044 inter
693 1982 770 2064 ipsos
793 2005 869 2044 con·

187 2067 358 2139 tentiones,
379 2081 412 2124 ut
431 2064 539 2126 eodem
559 2082 692 2144 tempore
715 2066 745 2122 in
766 2084 870 2127 omnes

186 2152 294 2208 verear
315 2165 352 2206 ne
371 2146 420 2205 vix
439 2143 549 2226 possim
568 2162 662 2225 gratus
683 2143 784 2204 rideri.
810 2143 870 2207 Sed

183 2246 253 2307 ,ego
282 2226 342 2285 hoc
370 2227 443 2285 m'eis
468 2222 644 2304 ponderibus
673 2225 871 2298 examinab03

184 2327 255 2367 non
268 2303 359 2365 solirm
371 2304 441 2384 quid
452 2306 554 2385 cuique
569 2304 771 2376 debeam‚sed
784 2308 872 2366 eriam

191 2383 417 2466 quidcujusque
433 2385 566 2457 intersit,
588 2387 621 2444 δι
639 2385 716 2463 qu'id¹
726 2406 744 2442 a
759 2403 808 2443 mc
820 2402 873 2442 cu·-

191 2463 243 2546 jus
259 2483 301 2523 ue
313 2480 375 2523 tem
395 2481 428 2521 us
444 2462 555 2544 poscat.
810 2506 812 2511 .
837 2480 839 2485 ·

236 2482 406 2611 ixxlli.
427 2537 674 2624 Agitur'studium
696 2554 777 2598 tuum
788 2581 800 2608 ,
812 2537 875 2599 ¹vei

193 2628 304 2697 etiam,
323 2624 347 2683 si
365 2625 428 2693 vis,
447 2619 634 2692 existimatio,
648 2620 727 2691 laus,
739 2616 873 2678 aedilitas:

194 2726 225 2767 at
239 2703 297 2766 Cn.
306 2702 415 2765 Plancii
425 2701 517 2774 salus,
534 2701 646 2779 patria,
661 2697 794 2757 fortunae.
812 2697 876 2758 sal·

194 2806 267 2845 vum
283 2802 315 2844 tu
334 2803 383 2844 me
404 2780 460 2845 effe
479 2777 576 2859 cupisti
585 2798 599 2851 .;
617 2779 662 2838 hic
680 2775 748 2839 fecit
766 2778 875 2854 etiam,

196 2881 230 2927 ut
242 2862 298 2926 ede
312 2862 446 2947 podem:
461 2859 598 2921 distineor
612 2875 709 2921 tamen
719 2902 729 2936 ,
740 2857 880 2923 &divel-
