2117 3942
154 336 201 385 12
290 313 556 403 ,Oamo
594 316 626 384 1.

150 428 257 490 antibus
274 428 400 490 eruditus
410 475 421 504 ‚
431 431 471 490 ita
489 430 667 512 contempsit
681 430 760 490 hanc
773 442 832 512 pu-v

152 511 348 570 deotissimam
364 514 536 584 civitatem,
551 531 583 570 ιιι
600 532 704 572 omnes
718 511 780 570 suas
796 511 833 569 li·-

151 587 263 650 bidines
272 635 284 664 ,
294 595 393 650 omnia
406 593 443 650 fla
465 591 513 651 itia
525 592 616 652 latere
625 591 706 672 posse
717 592 833 650 arbitra·

153 687 250 743 retur,
265 673 288 730 si
301 672 394 732 modo
405 613 519 734 vuitum
530 675 729 752 importunum
740 673 770 730 in
785 671 832 731 fo·

154 771 219 810 rum
237 750 388 812 detuliffet.
836 806 838 811 .

192 829 272 891 Vll.
284 830 313 891 Is
326 853 374 892 me
428 832 508 894 idem
520 832 639 892 minime
671 850 833 912 cognoram

153 913 251 986 enim,
262 932 381 994 propter
388 852 526 972 {isonam
535 911 718 985 affinitatem,
729 933 834 992 quam-

154 1014 242 1075 quam
255 994 306 1054 lon
328 996 344 1053 ὲ
360 995 434 1053 hunc
447 995 484 1053 ab
500 993 557 1052 hoc
573 1013 681 1074 genere
695 995 833 1074 cognatio

150 1092 283 1135 materna
300 1015 481 1154 itansaipini
493 1066 634 1154 sanguinis
655 1070 833 1153 abstuliffet)

153 1153 204 1221 sed
216 1176 272 1216 vos
283 1146 481 1236 populumque
495 1153 662 1213 Romanum
673 1175 751 1227 ‚non
763 1175 835 1212 con·

152 1235 241 1311 silio,
265 1256 302 1295 ne
323 1255 360 1295 ue
381 1235 572 1314 eloquentia,
593 1234 674 1314 quod
689 1236 719 1293 in
738 1233 835 1293 multis

153 1313 228 1396 saepe
246 1257 368 1389 acciit,
380 1314 429 1375 sed
446 1316 522 1395 rugis
535 1360 545 1388 ,
557 1313 766 1408 supercilioque
781 1314 834 1373 de·

154 1399 241 1476 cepit.
258 1395 293 1455 L.
310 1394 397 1467 Piso,
416 1411 486 1454 tune
504 1393 584 1454 ausus
604 1414 636 1454 es
652 1392 704 1454 isto
724 1395 837 1467 oculo,

152 1497 214 1534 non
234 1473 327 1541 dicam
345 1474 399 1536 isto
419 1477 516 1534 animo
532 1497 542 1548 3
559 1471 610 1533 ista
632 1473 754 1549 fronte,
772 1496 835 1534 non

153 1555 238 1628 vitiu
257 1573 337 1616 tanto
355 1556 528 1638 supercilio,
546 1577 607 1615 non
625 1557 703 1617 enim
742 1553 837 1615 offum

155 1634 275 1710 dicere,
291 1639 378 1696 tantis
394 1638 479 1696 rebus
499 1633 606 1716 gestis,
626 1657 693 1696 cum
711 1577 752 1696 X.
769 1633 835 1716 Ga-

152 1718 234 1783 binio
252 1716 416 1777 consociare
430 1718 549 1776 consilia
564 1714 650 1796 pestis
663 1737 736 1776 meae
749 1715 835 1790 ἓιιοιι

152 1816 184 1864 te
197 1788 270 1859 illius
282 1815 500 1879 unguentorum
514 1795 590 1856 odor
601 1817 689 1875 ,huon
706 1799 837 1860 vini,an-.

152 1876 277 1952 halitus,
292 1901 353 1938 non
368 1877 449 1938 frons
464 1874 617 1938 calamistri
629 1894 729 1936 notata
747 1874 837 1951 aesti-

153 1961 227 2040 giis,
239 1961 268 2019 in
284 1980 349 2020 eam
369 1961 578 2042 cogitationem
594 1957 774 2031 adducebat,
788 1976 839 2031 ut,

153 2041 334 2119 quum-illius
352 2061 384 2100 re
405 2040 502 2099 similis
520 2036 636 2112 fuiffes,
655 2037 759 2098 frontis
783 2039 838 2104 tibi
875 2070 877 2075 ·

95 2134 97 2138 '
153 2121 355 2200 integumento
379 2120 415 2178 ad
434 2118 606 2181 occultanda
628 2133 708 2177 tanta
730 2117 840 2199 flagitia

155 2197 259 2259 diutius
275 2201 315 2260 uti
330 2221 390 2260 non
403 2200 522 2260 liceret?
536 2217 601 2259 cum
617 2199 675 2257 hoc
690 2201 770 2262 coire
784 2221 839 2260 an·

154 2277 199 2341 sus
216 2299 247 2339 es
261 2324 271 2353 ‚
283 2298 314 2340 ut
326 2277 509 2360 consularem
527 2280 718 2362 dignitatem,
731 2295 763 2357 ut
778 2281 839 2341 tei-

154 2358 277 2443 publicae
293 2358 418 2436 statum,
437 2379 469 2421 ut
489 2354 603 2422 senatos
618 2357 839 2438 aucioritatem,

154 2459 186 2501 ut
202 2442 272 2503 civis
288 2443 399 2524 optime
416 2442 511 2502 meriti
529 2441 658 2502 fortunas
671 2441 839 2521 provincia«

124 2532 132 2543 ⁸
152 2543 218 2582 rum
237 2521 348 2584 foedere
370 2522 548 2583 addiceres?
567 2530 602 2582 te'
622 2519 738 2582 consule
755 2567 765 2596 ,
780 2523 838 2580 tuis

153 2601 252 2662 ediciis
265 2605 297 2664 &
308 2604 455 2683 imperiis,
469 2602 578 2662 senatui
590 2603 762 2683 populoque
774 2595 839 2662 Ro-

152 2703 242 2742 mano
259 2706 319 2744 non
335 2683 375 2746 est
389 2684 519 2756 licitum,
534 2703 596 2741 non
612 2681 705 2742 modo
721 2681 840 2742 senten·

119 2806 128 2814 -
151 2764 198 2821 tiis
221 2779 307 2844 atque
329 2765 495 2825 austotitate
520 2761 593 2833 sut,
616 2760 666 2823 sed
689 2782 727 2820 ne
753 2764 838 2824 vultu

151 2842 270 2926 quidem
285 2866 318 2907 ac
334 2844 447 2910 vestitu
475 2843 642 2926 reipublicae
669 2839 836 2910 subvenire.
