2117 3942
289 342 348 395 riv
372 285 414 398 L
434 324 678 399 Prsorrarr.
742 347 830 423 493.

142 439 265 520 insignia
291 440 323 500 &
347 460 536 503 monumenta
555 441 616 503 effe
642 442 798 502 voluerunt
811 486 830 516 ,

140 518 241 580 noster
254 520 298 579 hic
313 522 500 603 praeposlerus
516 525 691 602 imperator,
709 521 829 582 amilio·

140 621 208 659 rum
218 600 413 679 oppidorum,
430 603 562 662 caesarum
574 604 834 683 legionum,=pro-³

138 683 244 741 vinciae
258 681 389 759 praesidio
408 685 439 742 &
457 685 571 761 reliquis
589 683 723 742 militibus
736 686 830 743 orba*

141 776 203 832 tae,
221 760 257 817 ad
274 759 333 818 sent
356 767 480 821 iternum
501 762 628 822 dedecus
646 762 685 820 sui
709 765 831 843 generis:

138 783 823 909 &nominis,litnestaindiciaconstituit:idern·

143 940 224 1000 que,
246 936 278 978 ut
299 918 391 993 esset,
412 922 490 1001 quod
509 924 539 980 in
561 922 623 981 basi
645 938 823 1000 tropaeorum

141 1000 233 1059 incidi
250 998 419 1080 inscribique
438 999 553 1082 posset,
572 999 768 1080 Dyrrachium
791 1019 832 1061 uo

139 1082 243 1149 venir,
262 1079 428 1151 decedens,
449 1079 573 1142 obsessus
591 1079 632 1140 est
650 1080 686 1139 ab
708 1083 741 1139 iis
755 1083 832 1160 ipsis

139 1159 308 1230 militibus,
328 1181 401 1240 quos
422 1162 508 1240 pauli)
525 1159 591 1221 ante
603 1159 757 1241 Torquato
776 1179 823 1220 re·

139 1239 259 1320 spondit
276 1239 409 1300 beneficii
425 1241 558 1301 causiab
570 1239 598 1300 se
611 1240 667 1301 elle
679 1237 804 1301 dimissos
813 1242 833 1299 rs

141 1319 247 1400 quib'us
266 1341 354 1400 quum
370 1319 478 1400 juratus
498 1319 679 1394 affirmasset,
696 1319 744 1392 se,
760 1341 832 1400 quae:

141 1400 336 1473 deberentur,
346 1400 463 1481 postero
473 1402 519 1463 die
529 1401 739 1483 persoluturum
750 1443 760 1470 ,
771 1400 833 1459 do··
899 1464 902 1469 ,

139 1501 225 1542 mum
241 1479 274 1541 se.
290 1481 399 1541 abdidit
411 1483 501 1545 :inde
520 1482 607 1543 nosle
632 1478 829 1560 intempelld,¹

141 1560 326 1639 crepidatus,
341 1559 421 1622 veste
436 1562 553 1634 servili,
567 1583 673 1625 narem
685 1559 832 1622 conscene.

142 1641 217 1712 dit,
241 1639 478 1721 Brundisiumque
504 1646 634 1718 vitavit,
655 1643 687 1703 δι
710 1642 829 1702 ultimas·

141 1721 285 1782 Adriatici
303 1723 390 1780 maris
408 1743 473 1782 oras
498 1725 605 1783 'etivit.
823 1770 827 1777 .

186 1818 235 1880 93.
247 1801 349 1880 Quum
365 1803 478 1861 interim
521 1801 757 1882 yrrachiimilit'es
769 1800 831 1879 doq·

141 1896 246 1954 mum,
266 1885 294 1941 in
320 1903 377 1962 qua
406 1881 489 1943 isium
513 1881 570 1942 esse
598 1881 803 1941 arbitrabantur
812 1910 831 1955 ,r

143 1962 280 2022 obsidere
300 1981 472 2041 coeperunt,
490 1961 541 2033 δι,
560 1983 648 2042 quum
666 1961 755 2020 latere
769 1960 828 2020 ho·

142 2046 253 2101 minem
275 2057 428 2121 putarent,
452 2044 459 2099 i
481 2039 532 2100 nes
552 2041 799 2101 circumdederunt
814 2061 830 2100 z·

143 2142 205 2202 quo
218 2137 298 2180 metu
313 2121 453 2179 commoti
462 2062 658 2201 inrrachini,
671 2119 831 2202 profugisse·

143 2199 233 2261 noslu
254 2201 429 2278 crepidatum
448 2202 655 2282 imperatorem
674 2202 830 2264 indicaveq

143 2297 220 2341 runt.
247 2279 290 2339 llli
311 2299 407 2340 autern
430 2279 571 2356 statuam,
593 2281 667 2341 istius
711 2283 825 2342 ersimi-

143 2363 223 2435 lem,
241 2383 326 2441 quam
344 2359 415 2422 liare
437 2363 626 2424 celeberrimo
641 2365 669 2422 in
687 2304 754 2422 ibeo
763 2383 827 2421 vo-

143 2442 262 2513 luerat,
286 2463 323 2501 ne
353 2441 510 2503 suavissimi
533 2445 656 2502 hominis
681 2441 828 2500 memoria

143 2539 326 2592 moreretur,
344 2521 525 2595 deturbant,
537 2521 684 2602 affligunt,
702 2521 828 2578 commi-

144 2617 257 2672 nuunt,
275 2599 412 2678 dissipant
421 2621 434 2658 r
443 2603 482 2660 sic
501 2600 601 2660 odium
611 2645 626 2671 ,
640 2599 720 2679 quod
734 2600 763 2657 in
778 2602 828 2680 ip·-

144 2678 207 2739 sum
233 2680 404 2750 attulerant,
424 2678 454 2738 id
477 2682 506 2738 in
528 2679 591 2758 ejus
614 2681 769 2760 imaginem
789 2700 828 2743 ae

146 2759 329 2820 simulacrum
343 2758 543 2839 profuderunt.

186 2858 236 2919 94.
255 2838 331 2921 Quae
350 2859 439 2922 quum
459 2841 499 2899 ita
516 2841 571 2901 sint
586 2883 607 2924 „¹
619 2859 681 2903 nott
701 2837 827 2921 dubio,
