2117 3942
190 278 268 352 um
405 278 649 348 Onrrro

189 393 220 452 in
239 391 364 474 collegio
383 391 638 462 familiarissimos,
660 386 797 450 adhibere
811 401 874 471 poi

188 471 285 532 tuilli?
305 471 416 532 Affuit
410 494 452 546 rs,
471 494 494 531 sr
485 471 602 530 modi>
620 467 719 543 affirit,
732 490 821 566 quem
837 487 871 530 tu

187 551 340 633 impulisti,
356 551 436 612 soror
453 554 590 646 rogavit,
606 566 697 609 mater
713 551 818 631 coligit.

232 650 299 711 119.
311 632 440 692 Videte
433 633 516 712 igitur
526 674 537 705 ,
546 627 720 702 Pontifices,
734 630 803 710 quid
816 627 872 689 sta·

188 713 271 771 matis
289 714 319 771 in
339 733 406 772 mea
424 710 505 771 causa
524 710 562 770 de
584 713 715 769 omnium
735 711 870 769 ιοιιιιιιὶι.

187 789 333 852 Verbone
353 789 497 872 pontificis
522 791 648 870 putatis,
667 791 691 848 si
710 792 733 848 is
755 787 870 869 postem

186 875 329 947 tenuerit,
344 873 375 932 &
388 872 495 952 aliquid
507 871 629 944 dixerit,
644 869 765 929 domum
778 871 873 929 unius·
881 916 883 920 .

186 948 320 1045 cujusque
341 951 452 1012 consec
447 953 499 1010 ari
516 948 619 1030 polle?
638 948 689 1008 An
707 947 765 1008 istae
784 949 871 1010 dedi·

185 1034 340 1104 cationes,
354 1033 387 1092 &
408 1031 609 1111 templorum,
630 1029 663 1088 δι
683 1028 872 1089 delubrorum

186 1112 364 1194 religiones,
380 1112 429 1172 ad
438 1113 583 1171 honorem
604 1110 753 1168 deorum
746 1129 871 1169 immor-

185 1192 304 1264 talium,
319 1195 382 1251 sine
398 1191 496 1251 ulla'
473 1193 582 1250 civium
594 1191 756 1250 calamitate
773 1211 870 1267 antae

185 1268 296 1350 juribus
312 1270 412 1330 nostris
431 1269 590 1330 constitutae
602 1268 686 1328 sunt?
702 1268 772 1328 Est
765 1290 870 1330 mven-

186 1367 232 1410 tus
250 1353 379 1410 tribunus
398 1349 514 1442 plebis,
534 1350 583 1429 qui
604 1346 796 1408 consularibus
818 1371 870 1409 co·

185 1433 240 1523 piis
253 1430 415 1504 instruetur,
427 1431 508 1489 omni
520 1430 632 1510 impetu
644 1427 766 1490 furoris'
760 1452 790 1488 m
803 1450 871 1490 eum
886 1438 892 1443 ”

185 1511 283 1571 civem
301 1513 431 1580 irruerit,
492 1529 540 1569 em
557 1507 718 1589 perculsum
730 1507 790 1590 ipsa
810 1530 871 1570 res·

185 1589 302 1670 publica
316 1589 369 1650 suis
384 1593 460 1650 mani
482 1611 514 1650 us
532 1590 700 1650 extolleret.
870 1632 881 1639 -·

225 1668 337 1732 XLVI.
348 1669 459 1760 Quid,
471 1672 495 1729 si
512 1673 574 1751 quis
590 1671 687 1730 similis
701 1668 803 1750 istius(
816 1690 872 1730 ne·

187 1769 245 1830 que
259 1752 338 1812 enim
348 1748 405 1846 jam
419 1750 541 1812 deerunt
551 1753 625 1832 ‚qui
635 1753 738 1810 imitari
753 1749 871 1844 velint)

187 1829 313 1911 aliquem
335 1834 395 1892 mei
421 1831 613 1905 dissimilem,
640 1832 685 1890 cui
711 1828 760 1889 res
775 1830 872 1891 ublica

188 1932 249 1971 non
270 1929 385 1972 tantum
403 1911 533 1985 debeat,
555 1932 607 1991 pet
632 1913 693 1972 vim
719 1851 874 1985 alliixerit,

189 1990 353 2053 domum
328 2013 390 2071 ejus
408 2013 460 2074 per
481 1991 651 2073 pontificem
670 1991 828 2063 dedicarit3
841 1991 873 2050 id

188 2090 244 2131 vos
262 2072 312 2131 issa
329 2073 496 2132 audoritate
514 2070 691 2131 constituetis
709 2088 802 2130 ratum
816 2070 873 2133 effe

188 2151 350 2228 oportere?
368 2150 506 2222 Diceris,
527 2169 617 2230 quem
634 2152 795 2286 reperietp
798 2155 875 2212 onti-

188 2226 293 2287 ficem?
307 2228 409 2307 Quid?
427 2230 458 2288 &
472 2230 599 2288 tribunus
635 2228 707 2286 lebis
720 2173 800 2288 idem
818 2227 874 2293 effe

188 2328 251 2368 ιιοιι
267 2228 363 2388 ροῼειὶ
378 2305 532 2389 pontifex?
546 2307 591 2367 M.
605 2250 715 2367 Brusus
726 2310 795 2384 ,ille
812 2312 875 2374 cla·

188 2390 312 2449 tissimus
324 2389 451 2449 tribunus
466 2387 581 2468 plebis,
593 2387 725 2483 pontifex
739 2388 810 2449 fuit:
823 2412 873 2451 er-

189 2490 249 2551 go,
262 2491 286 2529 si
276 2469 388 2548 isQ.
410 2467 579 2548 Caepionis,
598 2471 705 2528 inimici
723 2468 762 2529 sui
773 2493 873 2552 ,·pos

189 2567 252 2611 tem
268 2550 375 2611 aedium
390 2547 544 2623 tenuillet,
561 2550 593 2609 &
613 2570 703 2628 pauca
721 2516 812 2610 verim
826 2551 877 2613 fe·

189 2629 265 2690 nisset
279 2631 381 2705 ‚aedes
395 2629 542 2711 Caepionis
556 2627 645 2691 essent
662 2629 821 2691 dedicatae?

236 2677 302 2769 rai.
317 2711 408 2777 Nihil
431 2714 537 2792 loquor
558 2711 598 2772 de
619 2709 798 2791 pontificio
789 2732 877 2792 Jure,

190 2786 260 2853 nihil
284 2790 349 2853 de'
342 2795 430 2874 ipsius
454 2792 554 2858 verbis
573 2791 784 2867 dedicationis,
805 2793 879 2875 nihil
