2117 3942
295 319 376 411 ’πᾷ
519 305 747 379 ΟκΑτιο

293 425 345 489 ille
362 419 496 487 sacerdos
521 420 653 504 erpulfus
674 423 707 483 &
725 421 861 505 spoliatus

295 507 379 581 ‚detio
397 499 438 564 est
449 546 459 577 ‚
471 499 628 583 fanumque
644 500 874 565 sanaissimarun

293 588 368 649 anti
394 584 553 644 issimarum
569 584 744 665 religionum
756 585 874 645 venditt·

295 666 361 727 ¹cuni
383 663 513 760 ¹grandi,
525 662 702 746 Brogitaro,
719 668 835 747 impuro
853 666 873 723 h

294 763 383 829 atque
403 744 523 826 indigno
548 744 598 804 illa
624 745 763 827 religione
789 767 798 818 ;
824 767 874 827 pra

295 846 386 908 quum
407 845 442 885 ea
464 824 518 884 sihi
535 824 585 884 ille
598 845 662 885 non
684 825 827 895 colendi,
846 823 873 884 se

292 905 375 979 landi
396 904 516 966 cauria
541 901 677 984 petisset:
702 905 840 985 appellati
858 925 872 962 r

292 985 427 1069 populo,
444 986 493 1065 qui
506 925 539 1044 il
551 1005 708 1065 numquam
725 1005 762 1045 ne
776 1007 791 1043 a
806 983 873 1042 sena

292 1067 365 1141 dem
384 1058 590 1149 bollulallent:
610 1065 719 1125 reduffl
734 1063 844 1124 exsules
861 1062 874 1123 l

294 1150 368 1209 tium
388 1146 575 1207 condemnati
596 1162 658 1205 tum
680 1190 691 1218 ‚
713 1166 802 1225 quum
820 1144 871 1204 ind

295 1228 379 1289 cives
395 1246 413 1288 e
427 1228 545 1285 civitate
564 1222 761 1301 ejiciebantur.

301 1366 304 1371 .
339 1326 386 1388 57.
410 1305 476 1366 Rex
502 1303 703 1378 Ptolemaeus,
729 1305 822 1385 quisi
846 1324 874 1362 nt

295 1404 356 1447 erat
376 1384 436 1467 ipse
456 1406 472 1444 a
491 1383 587 1444 senatu
607 1384 697 1444 socius
717 1386 874 1466 appellatus

293 1482 394 1526 tamen
410 1463 497 1524 frater
507 1463 569 1542 ejus
581 1467 678 1546 regis,
700 1469 747 1545 qui
760 1487 848 1546 quum
865 1486 874 1525 t

294 1546 401 1606 eadem
418 1542 519 1616 causa,
537 1541 597 1622 jam
611 1564 701 1605 erata
717 1544 814 1605 senatu
832 1546 872 1604 ho

291 1624 377 1687 illum
387 1623 577 1685 consecutus:
594 1642 654 1685 erat
667 1626 774 1685 eodem
790 1646 874 1707 gener

291 1702 421 1787 [demque
440 1700 599 1782 majoribus
618 1749 628 1777 ,
646 1705 749 1774 eidem
765 1705 874 1766 vetusta

292 1786 422 1846 cietati's:
442 1785 508 1846 deni
530 1804 567 1844 ue
583 1802 644 1844 erat
659 1807 709 1846 rex
722 1830 734 1856 ,
747 1788 770 1844 si
785 1786 874 1847 nondr

293 1866 376 1940 cius,
402 1882 431 1926 at
448 1805 638 1925 nonlrostis:
682 1882 806 1939 acatos,
831 1870 874 1947 qu}

291 1945 382 2009 fretus
399 1947 522 2026 imperio
543 1943 645 2029 populi
660 1888 850 2019 llomani,re

289 2024 376 2086 terno
397 2042 483 2105 atque
498 2027 580 2085 avito
593 2046 602 2097 ;
618 2026 707 2120 regali
722 2027 785 2085 otio
796 2046 841 2105 pe
870 2050 874 2084 ι

288 2118 355 2169 lut:
378 2105 415 2168 de
432 2107 490 2164 hoc
509 2105 579 2163 nihil
596 2124 742 2185 cogitante
759 2149 770 2176 ‚
791 2107 862 2165 nihil

289 2201 402 2257 cante,
427 2183 534 2243 eisdem
554 2186 651 2264 operis
671 2185 831 2267 suffragium
851 2185 874 2246 fe

287 2264 362 2337 bus,
387 2261 427 2325 est
446 2279 598 2345 rogatum,
620 2281 672 2339 ut,
692 2265 794 2326 sedens
813 2287 874 2325 cun

287 2365 359 2427 pura
378 2342 410 2405 &
422 2340 557 2424 sceptro,
577 2344 609 2403 &
628 2345 682 2405 illis
694 2347 853 2427 insignibus
868 2369 874 2405 ι

286 2424 416 2509 praeconi
437 2424 556 2505 publico
580 2422 765 2506 subjiceretur
784 2447 793 2498 ;
818 2427 847 2486 δι

286 2524 370 2573 rante
389 2505 502 2589 populo
523 2504 689 2580 Romano,
709 2508 758 2588 qui
780 2509 867 2569 etiam

286 2587 369 2649 villis
392 2582 507 2669 regilius
529 2605 619 2725 reigna
644 2586 767 2648 reddere
794 2585 874 2647 const

285 2685 340 2725 rex
358 2670 488 2742 amicus,
507 2666 554 2727 nul
570 2669 586 2726 “a
603 2664 704 2746 injurii
721 2687 874 2730 commem·

286 2745 370 2887 ”llll
383 2748 512 2828 repetitis
526 2746 632 2826 rebus,
648 2768 715 2810 cum
731 2748 817 2810 bonis
835 2769 874 2811 on

286 2845 306 2909 p
369 2844 489 2891 caretur.
