2117 3942
304 330 382 405 '168
530 325 762 398 omaro
855 328 858 337 “

305 448 352 507 vir
377 445 506 504 clemens
538 439 676 502 divisores
707 444 838 503 omnium
864 444 912 504 cri}

306 526 387 585 domi
406 523 466 607 ipse
492 521 549 584 suae
568 523 762 584 crudelissimi
789 542 886 586 morte
909 551 912 585 z

305 622 392 668 taret.

348 704 398 764 43.
420 684 529 746 Exorta
546 682 587 746 est
602 684 670 758 illa,
686 685 869 766 reipublicae,
886 685 912 746 sa

306 765 513 846 religionibus,
540 765 698 825 audioritati
721 765 850 840 vestra,
878 766 908 846 ju

307 849 429 928 publicis
453 845 563 907 funesta
588 845 726 927 quaestuta
746 850 803 905 :in
830 867 887 928 qua

306 926 358 988 iste
378 927 486 999 Deos,
508 925 645 986 homines
659 947 720 1000 ue,
742 927 912 1008 pudorem,

308 1007 453 1082 diciciam‚
471 1006 584 1068 senatuis
603 947 823 1078 audoritatem,
841 1005 908 1087 jus,

306 1087 407 1170 leges,
424 1087 548 1165 judicia,
564 1088 695 1147 violavit.
711 1087 810 1169 Atque
825 1089 872 1147 hic
886 1091 912 1149 ei

309 1169 361 1229 dus
382 1168 395 1250 (
413 1172 431 1228 ὃ
450 1168 551 1229 misera
570 1186 630 1228 tem
654 1168 728 1240 orci,
748 1167 900 1250 stultasque

307 1266 364 1309 tras
390 1247 544 1308 discordias
567 1249 575 1307 l
595 1248 609 1330 )
631 1191 662 1308 B.
688 1247 797 1309 Clodio
823 1250 913 1332 gradu

306 1331 540 1410 rempubficam‚
567 1329 613 1388 hic
641 1332 748 1410 primus
773 1328 813 1390 est
835 1332 912 1390 aditu

329 1411 479 1490 opularem
496 1410 703 1491 jaciationem‚
726 1430 812 1492 atque
830 1412 912 1472 adsce

306 1433 384 1551 iiam
414 1491 485 1551 Tib.
512 1491 648 1552 Graccho
678 1493 787 1551 invidia
820 1492 912 1553 Numa

307 1570 445 1645 foederis,
465 1573 510 1632 cui
526 1571 681 1644 feriendo,
701 1571 823 1654 quaesior
842 1573 881 1634 C.
902 1574 912 1633 1

307 1654 365 1715 cini
383 1651 503 1713 consulis
524 1674 612 1735 quum
633 1651 725 1726 esset,
746 1653 912 1715 interfuerat

307 1735 338 1793 in
355 1754 392 1793 eo
410 1733 521 1794 foedere
540 1735 734 1814 improbando
753 1734 865 1794 senarirs
882 1737 911 1795 se

308 1830 352 1874 tas
370 1814 487 1887 dolori,
508 1815 540 1873 &
558 1816 653 1874 timori
665 1814 718 1873 fuit
737 1836 747 1886 ;
762 1816 869 1897 istaque
889 1837 912 1874 rr

306 1896 390 1969 lum,
410 1894 516 1955 fortem
537 1894 567 1955 &
587 1896 695 1954 clarum
715 1897 832 1969 virum,
853 1917 912 1978 ag

307 1993 367 2037 tate
388 1993 499 2056 patrum
521 1973 672 2036 desciscere
695 1979 801 2058 coigit.
827 1975 868 2037 C.
890 1999 908 2037 a

307 2056 473 2118 Gracchum
489 2078 567 2116 mors
583 2057 728 2130 fraterna,
746 2060 861 2137 pietas,
881 2058 912 2118 d‹

305 2138 475 2218 magnitudo
494 2140 602 2209 animi,
624 2138 660 2195 ad
673 2138 850 2217 expetendas
870 2139 909 2199 do

305 2219 354 2275 tici
381 2215 520 2297 sanguinis
546 2239 648 2298 poenas
676 2221 821 2278 excitavit.
856 2218 912 2280 San

305 2317 393 2369 num,
410 2296 489 2377 quod
502 2299 532 2355 in
548 2319 671 2358 annonae
685 2301 799 2358 caritate
813 2300 912 2380 quaestc

305 2399 322 2438 a
351 2377 399 2436 sua
426 2375 612 2438 frumentaria
641 2383 842 2458 procuratione
874 2380 912 2441 ser

303 2460 436 2533 amovit,
454 2460 539 2540 eique
559 2461 600 2519 rei
620 2460 665 2519 M.
684 2459 821 2520 Scaurum
840 2461 912 2540 praei

302 2538 428 2612 scimus,
454 2539 557 2600 dolore
586 2540 691 2599 facium
719 2539 775 2600 effe
802 2544 911 2621 popula

301 2619 459 2699 Sulpicium
486 2622 522 2679 ab
548 2623 658 2700 optima
681 2618 763 2680 causa
788 2622 912 2702 profedir

302 2697 435 2780 Caioque
457 2700 555 2773 Iulio,
578 2700 755 2761 consulatum
779 2722 881 2762 contra
903 2704 912 2762 l

302 2784 437 2917 ffiemi'
455 2780 656 2853 resistentem,
670 2782 784 2864 longius
797 2829 807 2858 ,
822 2783 911 2866 quam

335 2857 345 2899 ⁴·
366 2901 376 2931 ‚
397 2863 545 2942 popcrlaris
562 2883 629 2943 aura
642 2864 789 2945 provexit.
881 2918 883 2923 .

887 2942 912 3005 X
