2117 3942
250 372 310 423 tu
334 353 370 420 L.
395 352 646 424 Pisonum.
703 370 786 446 497

104 485 136 529 te
149 463 295 539 miserior,
309 469 371 546 quis
385 481 414 526 te
426 466 612 541 damnatior,
625 471 673 550 qui
689 486 786 548 neque

103 548 228 607 scribere
248 545 285 604 ad
300 545 451 620 senamm,
471 569 487 606 a
510 564 540 607 te
566 550 641 610 bene
662 568 786 628 rempu-

102 625 212 688 blicam
236 624 292 685 effe
317 624 447 707 gestaru,
477 647 574 707 neque
594 627 716 709 presens
736 627 786 688 di·

105 727 175 767 cere
196 703 277 764 ausus
298 705 352 764 esi

147 783 240 844 XLI.
251 783 300 843 An
319 800 350 842 tu
370 783 461 855 mihi,
480 787 524 842 cui
540 782 652 862 semper
666 784 704 842 ita
720 805 786 866 per·

102 863 214 926 suasum
225 863 330 935 fuerit,
347 884 408 922 non
421 865 555 935 eventis,
570 861 620 922 sed
630 861 726 938 fastis,
737 887 789 925 cu·

104 944 206 1024 jusque
221 943 364 1002 fortunam
382 942 556 1023 ponderari,
575 942 670 1001 dicere
682 945 788 1016 audes,

101 1044 204 1104 neque
223 1026 253 1082 in
267 1023 379 1081 tabellis
397 1043 553 1102 paucorum
570 1020 720 1099 judicum,
738 1021 788 1083 sed

106 1108 136 1164 in
152 1103 299 1163 sententiis
317 1103 446 1162 omnium
464 1104 588 1174 civium,
602 1100 708 1160 famam
720 1122 790 1161 nos·

105 1201 204 1256 tram,
228 1181 430 1261 fortunamque
450 1180 602 1263 pendere?
624 1197 653 1241 re
671 1180 790 1241 indem-

105 1281 210 1324 natum
234 1261 330 1322 videri
354 1277 462 1342 putas,
486 1281 572 1342 quem
593 1258 682 1332 socii,
701 1280 790 1341 quem

106 1343 268 1413 foederati,
292 1361 378 1423 quem
396 1342 478 1420 liberi
498 1340 619 1423 populi,
638 1359 726 1420 quem
743 1339 790 1400 sti·

106 1423 271 1506 pendiarii‚
294 1442 380 1503 quem
394 1424 612 1504 negotiatores,
631 1440 718 1502 quem
735 1440 790 1501 pa·

107 1504 234 1574 blicani,
255 1522 341 1581 quem
361 1502 489 1563 universa
508 1504 629 1574 civitas,
643 1522 729 1581 quem
747 1502 792 1563 le·

108 1585 191 1665 gari,
205 1601 291 1662 quem
308 1582 412 1640 tribuni
425 1585 577 1654 militares,
588 1602 674 1662 quem
686 1583 789 1663 reliqui

106 1663 235 1732 milites,
247 1662 295 1741 qui
313 1660 434 1732 fetrum,
448 1665 496 1741 qui
509 1661 633 1733 famem,
649 1664 696 1741 qui
711 1683 793 1723 mor·

108 1761 172 1804 tem
199 1738 381 1821 effugerunt,
407 1743 487 1799 omni
510 1743 634 1800 cruciatu
662 1739 794 1822 dignissi-

108 1842 191 1883 mum
205 1820 328 1901 putant?
347 1821 392 1878 cui
404 1841 465 1880 non
480 1821 557 1900 apud
567 1819 694 1880 senatum
706 1864 715 1893 ‚
731 1842 794 1880 non

109 1925 125 1960 a
150 1900 191 1961 ud
208 1901 298 1960 ullum
317 1900 472 1972 ordinem,
497 1921 559 1959 non
582 1899 658 1979 apud
681 1902 792 1978 equites

111 1925 287 2054 Rpomanos,
303 1982 421 2057 ¹nonin
448 1979 540 2050 urbe,
561 2000 620 2039 non
642 1980 671 2038 in
690 1977 792 2053 ltalia,

109 2064 305 2123 maximorum
320 2060 458 2119 scelerum
469 2061 555 2119 venia
568 2059 625 2118 ulia
638 2059 675 2119 ad
690 2062 792 2140 ignos-

113 2141 241 2203 cendum
264 2139 323 2198 dari
344 2140 456 2219 possiti
477 2141 525 2220 qui
545 2137 572 2198 se
598 2138 657 2220 ipse
680 2140 793 2215 oderit,

111 2225 162 2303 qui
179 2236 289 2279 metuat
307 2239 429 2292 omnes,
447 2222 495 2302 qui
515 2217 592 2279 suam
612 2219 721 2279 causam
738 2241 793 2282 ne·

112 2303 184 2364 mini
201 2301 385 2364 committere
403 2301 525 2376 audeat,
540 2298 627 2382 quise
644 2301 704 2382 ipse
720 2322 793 2360 con-

114 2380 254 2441 demnet?
342 2440 352 2473 χ

155 2479 205 2539 99.
221 2460 423 2539 Numquame
444 2482 463 2520 o
484 2459 650 2540 sanguinem
668 2459 795 2537 expetivi

114 2559 195 2601 tuum
211 2560 217 2595 :
236 2559 390 2617 numquam
416 2481 485 2598 iilud
512 2556 694 2609 extremum,
713 2537 796 2616 quod

112 2616 210 2702 poffet
229 2616 284 2676 effe
298 2618 436 2696 improbis
457 2617 602 2697 &probis
621 2636 797 2690 commune,

113 2696 282 2777 supplicium
299 2696 369 2777 legis
387 2718 419 2756 ac
436 2695 554 2775 judicii,
569 2696 618 2755 sed
631 2693 796 2774 abjeiium,

117 2793 339 2856 contemptum,
363 2775 523 2856 despeiium
546 2798 563 2834 a
584 2778 705 2848 ceteris,
725 2799 740 2835 a
761 2796 810 2840 re.

115 2857 177 2943 ipso
200 2855 379 2940 desperatum
393 2858 424 2918 ὅ(
443 2855 593 2931 relietum,
611 2855 793 2941 circumspec-
