2117 3942
180 395 260 489 486
405 392 623 462 Oamo

179 518 294 578 meam,
313 501 432 587 seseque
446 506 516 566 milii
532 505 769 588 implacabilem,
784 507 864 567 inex·

181 587 378 669 piabilemque
398 587 564 668 praeberet,
585 602 693 647 tamen·
701 589 753 660 ei,
777 606 860 680 quum

180 677 274 727 tantas
287 684 333 725 res
346 665 473 748 gessisset
485 698 496 741 ,·
517 684 689 750 gereretque
711 666 859 748 quondie,

180 758 241 807 non
259 747 365 805 amicus
391 745 452 807 elle
468 768 529 807 non
550 746 683 829 pollem;
709 745 792 826 cujus
809 765 860 829 ego

180 827 305 908 imperio
320 847 381 886 non
390 827 513 908 Alpium
521 827 630 887 vallum
642 842 747 888 contra
755 827 861 888 adscem

181 906 242 966 lum
265 902 345 965 trans
375 909 579 988 essionemque
601 905 784 980 Gallorum,
806 916 859 968 no'o

181 984 277 1049 Rheni
296 926 422 1058 folldm,
442 988 599 1069 gurgitibus
622 987 676 1046 illis
700 986 858 1048 redundas·

180 1067 261 1138 lem,
279 1062 494 1126 Germanorum
508 1067 721 1127 immanissimis
732 1065 857 1148 gentibus

182 1143 312 1223 objicio,¹
332 1144 364 1204 &
382 1158 517 1227 opponm

185 1261 197 1272 -·
223 1223 272 1286 8·2.
294 1222 420 1286 Perfecit
439 1226 512 1300 ille,
532 1238 586 1296 ut,
608 1223 767 1284 simoutes
788 1220 858 1284 rel-'e-

182 1303 313 1379 dissert,
335 1324 434 1367 amnes
455 1301 651 1373 exaruiffent,
671 1323 736 1362 non
757 1319 858 1364 natura

179 1385 314 1526 graesidio
327 1428 336 1457 ‚
350 1383 400 1455 sed
416 1385 539 1446 vidorid
552 1383 619 1455 sul,
633 1380 856 1466 rebusquegestis

207 1466 291 1525 aliam
310 1467 448 1524 munitam
467 1465 649 1525 haberemus.
668 1461 757 1537 Sed,
777 1481 858 1546 quum

181 1547 231 1604 lne
248 1559 387 1624 expetat,
406 1544 526 1626 diligat,
542 1545 624 1605 omni
641 1542 729 1606 laude
745 1543 858 1627 dignum

180 1640 282 1713 putet,
301 1640 331 1682 tu
343 1642 392 1683 me
410 1646 426 1684 a
442 1626 497 1685 tuis
510 1624 662 1684 inimicitiis
678 1624 718 1684 ad
731 1624 858 1684 simulta-

180 1720 242 1765 tem
262 1703 437 1764 revocabis?
460 1707 500 1766 sic
518 1705 574 1764 tuis
590 1702 746 1764 sceleribus
766 1705 858 1786 reipu-

180 1783 263 1844 blicae
278 1786 419 1865 praeterita
437 1784 496 1846 fata
509 1783 678 1845 refricabis?
699 1785 783 1866 quod
799 1787 859 1866 qui-

180 1864 250 1926 dem
271 1881 324 1935 tu,
343 1866 393 2005 qui
414 1864 491 1926 bene
505 1862 602 1925 nblles
625 1860 858 1938 conjundiiouem
888 1880 901 1913 ³·

134 1999 138 2012 .
180 1966 278 2009 meam
298 1945 329 2006 &
373 1943 482 2019 asaris,
494 1945 653 2016 eludebas‚
692 1967 764 2011 uum
781 1968 798 2005 a
815 1962 858 2003 me
888 1958 897 2018 ζ

180 2024 369 2086 trementibus
392 2029 513 2086 omnino
535 2025 647 2094 labris,
667 1965 720 2084 ded
743 2042 858 2096 tamen,

180 2125 231 2163 eur
247 2105 301 2164 ribi
312 2125 422 2166 nomen
436 2127 497 2166 non
508 2104 672 2176 deferrem,
684 2106 858 2185 requirebas.

179 2183 389 2267 Quamquam,
404 2186 484 2266 quod
501 2186 538 2244 ad
555 2204 604 2244 me
617 2185 738 2244 attinet:

277 2267 433 2342 Numquam
444 2267 518 2344 istam
534 2265 690 2325 imminuam
706 2286 801 2325 cuman
813 2266 855 2324 in·

312 2344 433 2420 firiando
452 2345 523 2404 tibi:

177 2439 276 2484 tamen
298 2420 339 2481 est
355 2422 426 2481 mihi
439 2423 702 2496 considerandum,
722 2439 858 2506 quantum

176 2505 238 2578 illi,
257 2504 343 2563 tantis
362 2504 526 2584 reipublicae
548 2505 700 2586 negotiis,
720 2521 857 2585 tantoque

177 2585 257 2645 bello
275 2582 440 2664 impedito,
462 2606 520 2667 ego
543 2584 633 2644 bomo
650 2586 857 2655 amicissimus,

176 2663 372 2726 sollicitudinis
391 2680 476 2746 atque
494 2666 593 2725 oneris
614 2665 785 2745 imponam:
805 2667 856 2723 nec'

177 2742 300 2823 despero
323 2761 421 2804 tamen
442 2791 452 2819 ‚
479 2766 654 2826 quamquam
675 2744 794 2826 languet
812 2742 856 2822 ju·

176 2841 301 2894 ventus,
320 2844 374 2886 nec
387 2827 527 2906 perinde,
547 2847 580 2884 ac
597 2824 744 2898 debebat,
757 2827 787 2884 in
799 2825 856 2884 lau·

178 2900 221 2964 dis
241 2904 272 2964 δι
290 2904 387 2988 gloriar
404 2907 559 2988 cupiditate
578 2905 728 2982 versatur,
748 2903 858 2968 futuros
