<?xml version="1.0" encoding="UTF-8"?>
<!DOCTYPE html PUBLIC "-//W3C//DTD XHTML 1.0 Transitional//EN"
    "http://www.w3.org/TR/xhtml1/DTD/xhtml1-transitional.dtd">
<html xmlns="http://www.w3.org/1999/xhtml" xml:lang="en" lang="en">
 <head>
  <title>
</title>
<meta http-equiv="Content-Type" content="text/html;charset=utf-8" />
  <meta name='ocr-system' content='tesseract 3.04.00' />
  <meta name='ocr-capabilities' content='ocr_page ocr_carea ocr_par ocr_line ocrx_word'/>
</head>
<body>
  <div class='ocr_page' id='page_1' title='image "./mtulliiciceroni06lallgoog_0113.png"; bbox 0 0 2117 3942; ppageno 0'>
   <div class='ocr_carea' id='block_1_1' title="bbox 182 409 830 514">
    <p class='ocr_par' dir='ltr' id='par_1_1' title="bbox 182 409 830 514">
     <span class='ocr_line' id='line_1_1' title="bbox 182 409 830 514; baseline 0.009 -33"><span class='ocrx_word' id='word_1_1' title='bbox 182 425 251 481; x_wconf 72' lang='lat' dir='ltr'>na</span> <span class='ocrx_word' id='word_1_2' title='bbox 273 409 572 481; x_wconf 72' lang='lat' dir='ltr'>Anusercvrr</span> <span class='ocrx_word' id='word_1_3' title='bbox 591 416 726 484; x_wconf 64' lang='lat' dir='ltr'>Raso.</span> <span class='ocrx_word' id='word_1_4' title='bbox 756 436 830 514; x_wconf 81' lang='lat'>139</span> 
     </span>
    </p>
   </div>
   <div class='ocr_carea' id='block_1_2' title="bbox 85 516 829 3023">
    <p class='ocr_par' dir='ltr' id='par_1_2' title="bbox 135 516 829 848">
     <span class='ocr_line' id='line_1_2' title="bbox 135 516 827 613; baseline 0.014 -29"><span class='ocrx_word' id='word_1_5' title='bbox 135 516 260 585; x_wconf 82' lang='lat' dir='ltr'>roribus.</span> <span class='ocrx_word' id='word_1_6' title='bbox 281 519 387 603; x_wconf 86' lang='lat' dir='ltr'><strong>Quem</strong></span> <span class='ocrx_word' id='word_1_7' title='bbox 400 527 707 609; x_wconf 84' lang='lat' dir='ltr'>quum&#39;egredientem</span> <span class='ocrx_word' id='word_1_8' title='bbox 717 530 827 613; x_wconf 86' lang='lat' dir='ltr'>insequi</span> 
     </span>
     <span class='ocr_line' id='line_1_3' title="bbox 136 601 828 687; baseline 0.012 -23"><span class='ocrx_word' id='word_1_9' title='bbox 136 601 282 687; x_wconf 80' lang='lat' dir='ltr'>coepillem</span> <span class='ocrx_word' id='word_1_10' title='bbox 303 648 314 677; x_wconf 94' lang='lat'>,</span> <span class='ocrx_word' id='word_1_11' title='bbox 336 607 404 685; x_wconf 87' lang='lat' dir='ltr'>cepi</span> <span class='ocrx_word' id='word_1_12' title='bbox 424 606 562 686; x_wconf 86' lang='lat' dir='ltr'>equidem</span> <span class='ocrx_word' id='word_1_13' title='bbox 588 607 711 670; x_wconf 76' lang='lat' dir='ltr'>fruslum</span> <span class='ocrx_word' id='word_1_14' title='bbox 732 615 828 672; x_wconf 89' lang='lat' dir='ltr'>maxi-</span> 
     </span>
     <span class='ocr_line' id='line_1_4' title="bbox 137 682 829 760; baseline 0.012 -15"><span class='ocrx_word' id='word_1_15' title='bbox 137 707 233 760; x_wconf 86' lang='lat' dir='ltr'>mum,</span> <span class='ocrx_word' id='word_1_16' title='bbox 254 685 288 744; x_wconf 78' lang='grc' dir='ltr'>δι</span> <span class='ocrx_word' id='word_1_17' title='bbox 304 703 342 743; x_wconf 81' lang='lat' dir='ltr'>ex</span> <span class='ocrx_word' id='word_1_18' title='bbox 360 682 591 748; x_wconf 75' lang='lat' dir='ltr'>consurredlione</span> <span class='ocrx_word' id='word_1_19' title='bbox 607 691 736 751; x_wconf 91' lang='lat' dir='ltr'>omnium</span> <span class='ocrx_word' id='word_1_20' title='bbox 755 711 829 752; x_wconf 86' lang='lat' dir='ltr'>ves·</span> 
     </span>
     <span class='ocr_line' id='line_1_5' title="bbox 138 765 824 848; baseline 0.01 -22"><span class='ocrx_word' id='word_1_21' title='bbox 138 766 233 840; x_wconf 86' lang='lat' dir='ltr'>nslrn,</span> <span class='ocrx_word' id='word_1_22' title='bbox 256 765 290 825; x_wconf 89' lang='lat'>&amp;</span> <span class='ocrx_word' id='word_1_23' title='bbox 309 783 346 825; x_wconf 84' lang='lat' dir='ltr'>ex</span> <span class='ocrx_word' id='word_1_24' title='bbox 360 768 755 848; x_wconf 82' lang='lat' dir='ltr'>comitatu-publicanorum:</span> <span class='ocrx_word' id='word_1_25' title='bbox 773 770 824 834; x_wconf 91' lang='lat' dir='ltr'>sed</span> 
     </span>
    </p>

    <p class='ocr_par' dir='ltr' id='par_1_3' title="bbox 85 847 826 937">
     <span class='ocr_line' id='line_1_6' title="bbox 85 847 826 937; baseline 0.007 -29"><span class='ocrx_word' id='word_1_26' title='bbox 85 894 91 937; x_wconf 61' lang='grc' dir='ltr'>Ι</span> <span class='ocrx_word' id='word_1_27' title='bbox 137 866 238 908; x_wconf 84' lang='lat' dir='ltr'>vecors</span> <span class='ocrx_word' id='word_1_28' title='bbox 259 847 385 927; x_wconf 72' lang='lat' dir='ltr'>repente</span> <span class='ocrx_word' id='word_1_29' title='bbox 404 849 467 908; x_wconf 86' lang='lat' dir='ltr'>sine</span> <span class='ocrx_word' id='word_1_30' title='bbox 486 849 538 909; x_wconf 92' lang='lat' dir='ltr'>suo</span> <span class='ocrx_word' id='word_1_31' title='bbox 556 850 637 909; x_wconf 86' lang='lat' dir='ltr'>vultu</span> <span class='ocrx_word' id='word_1_32' title='bbox 659 896 670 923; x_wconf 92' lang='lat'><em>‚</em></span> <span class='ocrx_word' id='word_1_33' title='bbox 690 854 751 913; x_wconf 85' lang='lat' dir='ltr'>sine</span> <span class='ocrx_word' id='word_1_34' title='bbox 769 873 826 913; x_wconf 88' lang='lat' dir='ltr'>co-</span> 
     </span>
    </p>

    <p class='ocr_par' dir='ltr' id='par_1_4' title="bbox 85 926 824 1013">
     <span class='ocr_line' id='line_1_7' title="bbox 85 926 824 1013; baseline 0.009 -26"><span class='ocrx_word' id='word_1_35' title='bbox 85 942 89 1007; x_wconf 68' lang='lat' dir='ltr'>l</span> <span class='ocrx_word' id='word_1_36' title='bbox 139 926 224 1001; x_wconf 88' lang='lat' dir='ltr'>lore,</span> <span class='ocrx_word' id='word_1_37' title='bbox 247 929 310 986; x_wconf 83' lang='lat' dir='ltr'>sine</span> <span class='ocrx_word' id='word_1_38' title='bbox 326 947 407 989; x_wconf 80' lang='lat' dir='ltr'>voce</span> <span class='ocrx_word' id='word_1_39' title='bbox 426 927 571 988; x_wconf 86' lang='lat' dir='ltr'>constitit:</span> <span class='ocrx_word' id='word_1_40' title='bbox 596 929 702 991; x_wconf 90' lang='lat' dir='ltr'>deinde</span> <span class='ocrx_word' id='word_1_41' title='bbox 723 931 824 1013; x_wconf 86' lang='lat' dir='ltr'>respe-</span> 
     </span>
    </p>

    <p class='ocr_par' dir='ltr' id='par_1_5' title="bbox 85 1007 821 1082">
     <span class='ocr_line' id='line_1_8' title="bbox 85 1007 821 1082; baseline 0.01 -15"><span class='ocrx_word' id='word_1_42' title='bbox 85 1012 89 1079; x_wconf 70' lang='grc' dir='ltr'>ξ</span> <span class='ocrx_word' id='word_1_43' title='bbox 140 1012 194 1082; x_wconf 82' lang='lat' dir='ltr'>xit,</span> <span class='ocrx_word' id='word_1_44' title='bbox 214 1008 246 1068; x_wconf 77' lang='grc' dir='ltr'>δι</span> <span class='ocrx_word' id='word_1_45' title='bbox 269 1008 389 1069; x_wconf 86' lang='lat' dir='ltr'>simulac</span> <span class='ocrx_word' id='word_1_46' title='bbox 416 1007 475 1070; x_wconf 88' lang='lat' dir='ltr'>Cn.</span> <span class='ocrx_word' id='word_1_47' title='bbox 495 1009 651 1071; x_wconf 87' lang='lat' dir='ltr'>Lentulum</span> <span class='ocrx_word' id='word_1_48' title='bbox 672 1011 821 1074; x_wconf 90' lang='lat' dir='ltr'>consulem</span> 
     </span>
    </p>

    <p class='ocr_par' dir='ltr' id='par_1_6' title="bbox 85 1088 822 1334">
     <span class='ocr_line' id='line_1_9' title="bbox 85 1088 822 1172; baseline 0.009 -25"><span class='ocrx_word' id='word_1_49' title='bbox 85 1088 89 1161; x_wconf 66' lang='lat' dir='ltr'>&#39;p</span> <span class='ocrx_word' id='word_1_50' title='bbox 141 1088 281 1171; x_wconf 78' lang='lat' dir='ltr'>adspexit,</span> <span class='ocrx_word' id='word_1_51' title='bbox 299 1088 429 1150; x_wconf 86' lang='lat' dir='ltr'>concidit</span> <span class='ocrx_word' id='word_1_52' title='bbox 446 1092 477 1150; x_wconf 90' lang='lat' dir='ltr'>in</span> <span class='ocrx_word' id='word_1_53' title='bbox 498 1093 582 1150; x_wconf 85' lang='lat' dir='ltr'>curiae</span> <span class='ocrx_word' id='word_1_54' title='bbox 602 1112 679 1172; x_wconf 89' lang='lat' dir='ltr'>pene</span> <span class='ocrx_word' id='word_1_55' title='bbox 699 1093 822 1166; x_wconf 87' lang='lat' dir='ltr'>limine,</span> 
     </span>
     <span class='ocr_line' id='line_1_10' title="bbox 142 1169 822 1245; baseline 0.004 -17"><span class='ocrx_word' id='word_1_56' title='bbox 142 1171 358 1243; x_wconf 79' lang='lat' dir='ltr'>recordatione,</span> <span class='ocrx_word' id='word_1_57' title='bbox 378 1169 468 1230; x_wconf 91' lang='lat' dir='ltr'>credo</span> <span class='ocrx_word' id='word_1_58' title='bbox 488 1216 498 1245; x_wconf 92' lang='lat'>,</span> <span class='ocrx_word' id='word_1_59' title='bbox 520 1169 639 1232; x_wconf 87' lang='lat' dir='ltr'>Gabinii</span> <span class='ocrx_word' id='word_1_60' title='bbox 658 1171 720 1244; x_wconf 90' lang='lat' dir='ltr'>sui,</span> <span class='ocrx_word' id='word_1_61' title='bbox 742 1172 822 1232; x_wconf 90' lang='lat' dir='ltr'>desi-</span> 
     </span>
     <span class='ocr_line' id='line_1_11' title="bbox 146 1249 822 1334; baseline 0.007 -25"><span class='ocrx_word' id='word_1_62' title='bbox 146 1250 273 1332; x_wconf 87' lang='lat' dir='ltr'>derioque</span> <span class='ocrx_word' id='word_1_63' title='bbox 291 1249 422 1313; x_wconf 85' lang='lat' dir='ltr'>Pisonis:</span> <span class='ocrx_word' id='word_1_64' title='bbox 441 1249 521 1329; x_wconf 84' lang='lat' dir='ltr'>cujus</span> <span class='ocrx_word' id='word_1_65' title='bbox 542 1272 600 1334; x_wconf 86' lang='lat' dir='ltr'>ego</span> <span class='ocrx_word' id='word_1_66' title='bbox 620 1252 657 1312; x_wconf 89' lang='lat' dir='ltr'>de</span> <span class='ocrx_word' id='word_1_67' title='bbox 679 1251 822 1314; x_wconf 86' lang='lat' dir='ltr'>effrenato</span> 
     </span>
    </p>

    <p class='ocr_par' dir='ltr' id='par_1_7' title="bbox 85 1331 823 1414">
     <span class='ocr_line' id='line_1_12' title="bbox 85 1331 823 1414; baseline 0.008 -24"><span class='ocrx_word' id='word_1_68' title='bbox 85 1352 87 1381; x_wconf 82' lang='lat'>:</span> <span class='ocrx_word' id='word_1_69' title='bbox 147 1331 323 1412; x_wconf 72' lang='lat' dir='ltr'>&amp;precipiti</span> <span class='ocrx_word' id='word_1_70' title='bbox 338 1331 437 1392; x_wconf 86' lang='lat' dir='ltr'>surore</span> <span class='ocrx_word' id='word_1_71' title='bbox 454 1332 522 1414; x_wconf 87' lang='lat' dir='ltr'>quid</span> <span class='ocrx_word' id='word_1_72' title='bbox 539 1331 654 1393; x_wconf 81' lang='lat' dir='ltr'>dicam?</span> <span class='ocrx_word' id='word_1_73' title='bbox 671 1333 749 1393; x_wconf 86' lang='lat' dir='ltr'>haud</span> <span class='ocrx_word' id='word_1_74' title='bbox 767 1355 823 1414; x_wconf 86' lang='lat' dir='ltr'>po·</span> 
     </span>
    </p>

    <p class='ocr_par' dir='ltr' id='par_1_8' title="bbox 85 1409 821 1493">
     <span class='ocr_line' id='line_1_13' title="bbox 85 1409 821 1493; baseline 0.001 -23"><span class='ocrx_word' id='word_1_75' title='bbox 85 1430 88 1487; x_wconf 67' lang='grc' dir='ltr'><strong>ῑ</strong></span> <span class='ocrx_word' id='word_1_76' title='bbox 146 1409 189 1471; x_wconf 86' lang='lat' dir='ltr'>tell</span> <span class='ocrx_word' id='word_1_77' title='bbox 213 1413 394 1493; x_wconf 85' lang='lat' dir='ltr'>gravioribus</span> <span class='ocrx_word' id='word_1_78' title='bbox 413 1434 430 1472; x_wconf 88' lang='lat' dir='ltr'>a</span> <span class='ocrx_word' id='word_1_79' title='bbox 453 1432 501 1473; x_wconf 89' lang='lat' dir='ltr'>me</span> <span class='ocrx_word' id='word_1_80' title='bbox 521 1414 621 1473; x_wconf 86' lang='lat' dir='ltr'>verbis</span> <span class='ocrx_word' id='word_1_81' title='bbox 643 1415 821 1488; x_wconf 83' lang='lat' dir='ltr'>vulnerari,</span> 
     </span>
    </p>

    <p class='ocr_par' dir='ltr' id='par_1_9' title="bbox 85 1490 821 1576">
     <span class='ocr_line' id='line_1_14' title="bbox 85 1490 821 1576; baseline -0.004 -19"><span class='ocrx_word' id='word_1_82' title='bbox 85 1497 96 1567; x_wconf 61' lang='lat'>2²2</span> <span class='ocrx_word' id='word_1_83' title='bbox 147 1492 220 1571; x_wconf 79' lang='lat' dir='ltr'>quim</span> <span class='ocrx_word' id='word_1_84' title='bbox 239 1490 279 1552; x_wconf 89' lang='lat' dir='ltr'>est</span> <span class='ocrx_word' id='word_1_85' title='bbox 292 1490 408 1564; x_wconf 88' lang='lat' dir='ltr'>slatirn,</span> <span class='ocrx_word' id='word_1_86' title='bbox 425 1495 455 1551; x_wconf 92' lang='lat' dir='ltr'>in</span> <span class='ocrx_word' id='word_1_87' title='bbox 464 1493 541 1553; x_wconf 75' lang='lat' dir='ltr'>fadlo</span> <span class='ocrx_word' id='word_1_88' title='bbox 554 1492 636 1572; x_wconf 87' lang='lat' dir='ltr'>ipso,</span> <span class='ocrx_word' id='word_1_89' title='bbox 650 1517 667 1553; x_wconf 93' lang='lat' dir='ltr'>a</span> <span class='ocrx_word' id='word_1_90' title='bbox 684 1496 821 1576; x_wconf 85' lang='lat' dir='ltr'>gravissi-</span> 
     </span>
    </p>

    <p class='ocr_par' dir='ltr' id='par_1_10' title="bbox 85 1568 820 1648">
     <span class='ocr_line' id='line_1_15' title="bbox 85 1568 820 1648; baseline 0.007 -18"><span class='ocrx_word' id='word_1_91' title='bbox 85 1568 94 1645; x_wconf 67' lang='lat' dir='ltr'>‚l</span> <span class='ocrx_word' id='word_1_92' title='bbox 147 1593 187 1633; x_wconf 91' lang='lat' dir='ltr'>rno</span> <span class='ocrx_word' id='word_1_93' title='bbox 200 1575 284 1648; x_wconf 86' lang='lat' dir='ltr'>viro,</span> <span class='ocrx_word' id='word_1_94' title='bbox 300 1571 334 1633; x_wconf 91' lang='lat' dir='ltr'>P.</span> <span class='ocrx_word' id='word_1_95' title='bbox 354 1572 499 1645; x_wconf 88' lang='lat' dir='ltr'>Servilio,</span> <span class='ocrx_word' id='word_1_96' title='bbox 518 1573 686 1648; x_wconf 73' lang='lat' dir='ltr'>confodias,</span> <span class='ocrx_word' id='word_1_97' title='bbox 704 1597 738 1635; x_wconf 92' lang='lat' dir='ltr'>ac</span> <span class='ocrx_word' id='word_1_98' title='bbox 759 1591 820 1635; x_wconf 88' lang='lat' dir='ltr'>rru-</span> 
     </span>
    </p>

    <p class='ocr_par' dir='ltr' id='par_1_11' title="bbox 85 1650 818 1735">
     <span class='ocr_line' id='line_1_16' title="bbox 85 1650 818 1735; baseline 0.007 -24"><span class='ocrx_word' id='word_1_99' title='bbox 85 1650 95 1725; x_wconf 72' lang='lat' dir='ltr'>i</span> <span class='ocrx_word' id='word_1_100' title='bbox 146 1653 257 1714; x_wconf 83' lang='lat' dir='ltr'>cidatus:</span> <span class='ocrx_word' id='word_1_101' title='bbox 272 1652 354 1733; x_wconf 76' lang='lat' dir='ltr'>cujus</span> <span class='ocrx_word' id='word_1_102' title='bbox 365 1656 388 1713; x_wconf 88' lang='lat' dir='ltr'>si</span> <span class='ocrx_word' id='word_1_103' title='bbox 403 1655 491 1713; x_wconf 88' lang='lat' dir='ltr'>etiam</span> <span class='ocrx_word' id='word_1_104' title='bbox 504 1657 586 1726; x_wconf 89' lang='lat' dir='ltr'>vim,</span> <span class='ocrx_word' id='word_1_105' title='bbox 598 1655 630 1714; x_wconf 74' lang='grc' dir='ltr'>δι</span> <span class='ocrx_word' id='word_1_106' title='bbox 646 1659 818 1735; x_wconf 87' lang='lat' dir='ltr'>gravitatem</span> 
     </span>
    </p>

    <p class='ocr_par' dir='ltr' id='par_1_12' title="bbox 85 1732 818 1816">
     <span class='ocr_line' id='line_1_17' title="bbox 85 1732 818 1816; baseline 0.003 -23"><span class='ocrx_word' id='word_1_107' title='bbox 85 1732 92 1781; x_wconf 73' lang='lat'>¹⁵·</span> <span class='ocrx_word' id='word_1_108' title='bbox 146 1734 208 1794; x_wconf 84' lang='lat' dir='ltr'>illam</span> <span class='ocrx_word' id='word_1_109' title='bbox 221 1735 418 1816; x_wconf 86' lang='lat' dir='ltr'>singularem,</span> <span class='ocrx_word' id='word_1_110' title='bbox 433 1754 465 1792; x_wconf 88' lang='lat' dir='ltr'>ac</span> <span class='ocrx_word' id='word_1_111' title='bbox 498 1754 554 1795; x_wconf 87' lang='lat' dir='ltr'>ene</span> <span class='ocrx_word' id='word_1_112' title='bbox 571 1736 698 1796; x_wconf 87' lang='lat' dir='ltr'>divinam</span> <span class='ocrx_word' id='word_1_113' title='bbox 711 1733 818 1816; x_wconf 78' lang='lat' dir='ltr'>assequi</span> 
     </span>
    </p>

    <p class='ocr_par' dir='ltr' id='par_1_13' title="bbox 85 1756 818 1905">
     <span class='ocr_line' id='line_1_18' title="bbox 85 1756 818 1905; baseline -0.001 -30"><span class='ocrx_word' id='word_1_114' title='bbox 85 1788 91 1905; x_wconf 65' lang='lat' dir='ltr'>l</span> <span class='ocrx_word' id='word_1_115' title='bbox 145 1814 242 1895; x_wconf 86' lang='lat' dir='ltr'>possem</span> <span class='ocrx_word' id='word_1_116' title='bbox 256 1832 381 1905; x_wconf 67' lang='lat' dir='ltr'>,tamen</span> <span class='ocrx_word' id='word_1_117' title='bbox 394 1836 454 1873; x_wconf 92' lang='lat' dir='ltr'>non</span> <span class='ocrx_word' id='word_1_118' title='bbox 468 1756 588 1888; x_wconf 80' lang='lat' dir='ltr'>dubito,</span> <span class='ocrx_word' id='word_1_119' title='bbox 606 1816 674 1894; x_wconf 88' lang='lat' dir='ltr'>quin</span> <span class='ocrx_word' id='word_1_120' title='bbox 686 1836 721 1876; x_wconf 87' lang='lat' dir='ltr'>ea</span> <span class='ocrx_word' id='word_1_121' title='bbox 737 1816 818 1889; x_wconf 83' lang='lat' dir='ltr'>rela,</span> 
     </span>
    </p>

    <p class='ocr_par' dir='ltr' id='par_1_14' title="bbox 85 1894 818 2118">
     <span class='ocr_line' id='line_1_19' title="bbox 85 1894 815 1976; baseline -0.001 -20"><span class='ocrx_word' id='word_1_122' title='bbox 85 1930 89 1935; x_wconf 95' lang='lat'>·</span> <span class='ocrx_word' id='word_1_123' title='bbox 144 1916 194 1976; x_wconf 87' lang='lat' dir='ltr'>quae</span> <span class='ocrx_word' id='word_1_124' title='bbox 211 1896 374 1975; x_wconf 71' lang='lat' dir='ltr'>conjecerit</span> <span class='ocrx_word' id='word_1_125' title='bbox 392 1897 543 1967; x_wconf 88' lang='lat' dir='ltr'>inimicus,</span> <span class='ocrx_word' id='word_1_126' title='bbox 564 1894 650 1976; x_wconf 77' lang='lat' dir='ltr'>quarn</span> <span class='ocrx_word' id='word_1_127' title='bbox 668 1915 703 1955; x_wconf 90' lang='lat' dir='ltr'>ea</span> <span class='ocrx_word' id='word_1_128' title='bbox 722 1943 731 1969; x_wconf 93' lang='lat'>‚</span> <span class='ocrx_word' id='word_1_129' title='bbox 751 1917 815 1975; x_wconf 82' lang='lat' dir='ltr'>qnae</span> 
     </span>
     <span class='ocr_line' id='line_1_20' title="bbox 145 1976 818 2059; baseline 0 -25"><span class='ocrx_word' id='word_1_130' title='bbox 145 1978 251 2059; x_wconf 83' lang='lat' dir='ltr'>collega.</span> <span class='ocrx_word' id='word_1_131' title='bbox 281 1979 347 2036; x_wconf 84' lang='lat' dir='ltr'>atris</span> <span class='ocrx_word' id='word_1_132' title='bbox 362 1976 612 2050; x_wconf 85' lang='lat' dir='ltr'>emisit,leviora,</span> <span class='ocrx_word' id='word_1_133' title='bbox 625 1990 711 2056; x_wconf 88' lang='lat' dir='ltr'>atque</span> <span class='ocrx_word' id='word_1_134' title='bbox 723 1977 818 2035; x_wconf 88' lang='lat' dir='ltr'>hebe-</span> 
     </span>
     <span class='ocr_line' id='line_1_21' title="bbox 142 1998 458 2118; baseline -0.003 -2"><span class='ocrx_word' id='word_1_135' title='bbox 142 2059 202 2117; x_wconf 86' lang='lat' dir='ltr'>tiora</span> <span class='ocrx_word' id='word_1_136' title='bbox 220 1998 278 2118; x_wconf 66' lang='lat' dir='ltr'>else&gt;</span> <span class='ocrx_word' id='word_1_137' title='bbox 296 2056 458 2117; x_wconf 84' lang='lat' dir='ltr'>videantur.</span> 
     </span>
    </p>

    <p class='ocr_par' dir='ltr' id='par_1_15' title="bbox 86 2133 819 2460">
     <span class='ocr_line' id='line_1_22' title="bbox 86 2133 819 2198; baseline -0.007 0"><span class='ocrx_word' id='word_1_138' title='bbox 86 2152 89 2191; x_wconf 65' lang='grc' dir='ltr'>ἕ</span> <span class='ocrx_word' id='word_1_139' title='bbox 174 2137 215 2198; x_wconf 93' lang='lat' dir='ltr'>ll.</span> <span class='ocrx_word' id='word_1_140' title='bbox 235 2137 296 2198; x_wconf 86' lang='lat' dir='ltr'>Sed</span> <span class='ocrx_word' id='word_1_141' title='bbox 317 2157 418 2198; x_wconf 88' lang='lat' dir='ltr'>tamen</span> <span class='ocrx_word' id='word_1_142' title='bbox 438 2137 496 2196; x_wconf 89' lang='lat' dir='ltr'>mei</span> <span class='ocrx_word' id='word_1_143' title='bbox 515 2133 581 2194; x_wconf 73' lang='lat' dir='ltr'>faui</span> <span class='ocrx_word' id='word_1_144' title='bbox 600 2137 742 2195; x_wconf 89' lang='lat' dir='ltr'>rationem</span> <span class='ocrx_word' id='word_1_145' title='bbox 764 2153 819 2194; x_wconf 82' lang='lat' dir='ltr'>ex-</span> 
     </span>
     <span class='ocr_line' id='line_1_23' title="bbox 141 2215 816 2299; baseline -0.003 -21"><span class='ocrx_word' id='word_1_146' title='bbox 141 2241 241 2299; x_wconf 88' lang='lat' dir='ltr'>ponere</span> <span class='ocrx_word' id='word_1_147' title='bbox 255 2219 310 2279; x_wconf 89' lang='lat' dir='ltr'>illis</span> <span class='ocrx_word' id='word_1_148' title='bbox 326 2218 422 2292; x_wconf 93' lang='lat' dir='ltr'>volo,</span> <span class='ocrx_word' id='word_1_149' title='bbox 437 2222 483 2298; x_wconf 87' lang='lat' dir='ltr'>qui</span> <span class='ocrx_word' id='word_1_150' title='bbox 498 2215 632 2276; x_wconf 87' lang='lat' dir='ltr'>hesterno</span> <span class='ocrx_word' id='word_1_151' title='bbox 647 2217 693 2276; x_wconf 88' lang='lat' dir='ltr'>die</span> <span class='ocrx_word' id='word_1_152' title='bbox 710 2216 816 2276; x_wconf 87' lang='lat' dir='ltr'>dolore</span> 
     </span>
     <span class='ocr_line' id='line_1_24' title="bbox 141 2298 818 2379; baseline 0 -21"><span class='ocrx_word' id='word_1_153' title='bbox 141 2321 181 2360; x_wconf 87' lang='lat' dir='ltr'>me</span> <span class='ocrx_word' id='word_1_154' title='bbox 192 2301 317 2372; x_wconf 84' lang='lat' dir='ltr'>elatum,</span> <span class='ocrx_word' id='word_1_155' title='bbox 334 2300 365 2359; x_wconf 91' lang='lat'>&amp;</span> <span class='ocrx_word' id='word_1_156' title='bbox 377 2299 523 2359; x_wconf 72' lang='lat' dir='ltr'>iracundii</span> <span class='ocrx_word' id='word_1_157' title='bbox 537 2299 650 2379; x_wconf 74' lang='lat' dir='ltr'>longiirs</span> <span class='ocrx_word' id='word_1_158' title='bbox 665 2300 757 2379; x_wconf 69' lang='lat' dir='ltr'>propi</span> <span class='ocrx_word' id='word_1_159' title='bbox 773 2298 818 2358; x_wconf 87' lang='lat' dir='ltr'>dl-</span> 
     </span>
     <span class='ocr_line' id='line_1_25' title="bbox 141 2378 817 2460; baseline -0.003 -22"><span class='ocrx_word' id='word_1_160' title='bbox 141 2380 251 2460; x_wconf 81' lang='lat' dir='ltr'>gressum</span> <span class='ocrx_word' id='word_1_161' title='bbox 270 2380 500 2451; x_wconf 84' lang='lat' dir='ltr'>arbitrabantur,</span> <span class='ocrx_word' id='word_1_162' title='bbox 515 2379 601 2458; x_wconf 76' lang='lat' dir='ltr'>quim</span> <span class='ocrx_word' id='word_1_163' title='bbox 616 2378 748 2460; x_wconf 84' lang='lat' dir='ltr'>sapientis</span> <span class='ocrx_word' id='word_1_164' title='bbox 763 2379 817 2436; x_wconf 88' lang='lat' dir='ltr'>ho·</span> 
     </span>
    </p>

    <p class='ocr_par' dir='ltr' id='par_1_16' title="bbox 86 2456 820 2786">
     <span class='ocr_line' id='line_1_26' title="bbox 86 2456 818 2544; baseline -0.005 -25"><span class='ocrx_word' id='word_1_165' title='bbox 86 2456 88 2509; x_wconf 75' lang='grc' dir='ltr'>ἷ</span> <span class='ocrx_word' id='word_1_166' title='bbox 140 2464 214 2521; x_wconf 88' lang='lat' dir='ltr'>minis</span> <span class='ocrx_word' id='word_1_167' title='bbox 232 2465 363 2544; x_wconf 84' lang='lat' dir='ltr'>cogitata</span> <span class='ocrx_word' id='word_1_168' title='bbox 381 2464 453 2520; x_wconf 90' lang='lat' dir='ltr'>ratio</span> <span class='ocrx_word' id='word_1_169' title='bbox 476 2459 643 2540; x_wconf 86' lang='lat' dir='ltr'>postularet.</span> <span class='ocrx_word' id='word_1_170' title='bbox 665 2459 744 2517; x_wconf 89' lang='lat' dir='ltr'>Nihil</span> <span class='ocrx_word' id='word_1_171' title='bbox 762 2457 818 2515; x_wconf 85' lang='lat' dir='ltr'>feci</span> 
     </span>
     <span class='ocr_line' id='line_1_27' title="bbox 140 2538 819 2621; baseline -0.007 -22"><span class='ocrx_word' id='word_1_172' title='bbox 140 2543 235 2615; x_wconf 86' lang='lat' dir='ltr'>iratus,</span> <span class='ocrx_word' id='word_1_173' title='bbox 257 2543 330 2601; x_wconf 92' lang='lat' dir='ltr'>nihil</span> <span class='ocrx_word' id='word_1_174' title='bbox 353 2543 509 2621; x_wconf 88' lang='lat' dir='ltr'>impotenti</span> <span class='ocrx_word' id='word_1_175' title='bbox 533 2544 652 2611; x_wconf 87' lang='lat' dir='ltr'>animo,</span> <span class='ocrx_word' id='word_1_176' title='bbox 669 2538 739 2597; x_wconf 90' lang='lat' dir='ltr'>nihil</span> <span class='ocrx_word' id='word_1_177' title='bbox 759 2557 819 2594; x_wconf 90' lang='lat' dir='ltr'>non</span> 
     </span>
     <span class='ocr_line' id='line_1_28' title="bbox 139 2616 820 2694; baseline -0.013 -13"><span class='ocrx_word' id='word_1_178' title='bbox 139 2622 179 2682; x_wconf 87' lang='lat' dir='ltr'>diu</span> <span class='ocrx_word' id='word_1_179' title='bbox 195 2624 434 2694; x_wconf 85' lang='lat' dir='ltr'>consideratum,</span> <span class='ocrx_word' id='word_1_180' title='bbox 453 2642 485 2680; x_wconf 87' lang='lat' dir='ltr'>ac</span> <span class='ocrx_word' id='word_1_181' title='bbox 502 2622 596 2680; x_wconf 79' lang='lat' dir='ltr'>multi&gt;</span> <span class='ocrx_word' id='word_1_182' title='bbox 615 2619 680 2678; x_wconf 64' lang='lat' dir='ltr'>antia</span> <span class='ocrx_word' id='word_1_183' title='bbox 697 2616 820 2676; x_wconf 84' lang='lat' dir='ltr'>medita-</span> 
     </span>
     <span class='ocr_line' id='line_1_29' title="bbox 138 2697 818 2786; baseline -0.013 -24"><span class='ocrx_word' id='word_1_184' title='bbox 138 2720 200 2765; x_wconf 90' lang='lat' dir='ltr'>tum.</span> <span class='ocrx_word' id='word_1_185' title='bbox 217 2704 285 2786; x_wconf 85' lang='lat' dir='ltr'>Ego</span> <span class='ocrx_word' id='word_1_186' title='bbox 304 2706 382 2763; x_wconf 80' lang='lat' dir='ltr'>eninr</span> <span class='ocrx_word' id='word_1_187' title='bbox 395 2748 403 2774; x_wconf 92' lang='lat'>‚</span> <span class='ocrx_word' id='word_1_188' title='bbox 418 2701 516 2762; x_wconf 87' lang='lat' dir='ltr'>Patres</span> <span class='ocrx_word' id='word_1_189' title='bbox 532 2699 707 2778; x_wconf 84' lang='lat' dir='ltr'>conscripti,</span> <span class='ocrx_word' id='word_1_190' title='bbox 725 2697 818 2756; x_wconf 85' lang='lat' dir='ltr'>inimi·</span> 
     </span>
    </p>

    <p class='ocr_par' dir='ltr' id='par_1_17' title="bbox 86 2777 819 3023">
     <span class='ocr_line' id='line_1_30' title="bbox 86 2777 815 2865; baseline -0.007 -23"><span class='ocrx_word' id='word_1_191' title='bbox 86 2850 88 2857; x_wconf 31' lang='lat'><strong>¹</strong></span> <span class='ocrx_word' id='word_1_192' title='bbox 140 2804 195 2845; x_wconf 88' lang='lat' dir='ltr'>curn</span> <span class='ocrx_word' id='word_1_193' title='bbox 215 2806 266 2845; x_wconf 89' lang='lat' dir='ltr'>me</span> <span class='ocrx_word' id='word_1_194' title='bbox 287 2783 403 2865; x_wconf 88' lang='lat' dir='ltr'>semper</span> <span class='ocrx_word' id='word_1_195' title='bbox 422 2781 477 2845; x_wconf 88' lang='lat' dir='ltr'>elle</span> <span class='ocrx_word' id='word_1_196' title='bbox 497 2778 639 2862; x_wconf 82' lang='lat' dir='ltr'>profess&#39;us</span> <span class='ocrx_word' id='word_1_197' title='bbox 658 2777 718 2837; x_wconf 92' lang='lat' dir='ltr'>sum</span> <span class='ocrx_word' id='word_1_198' title='bbox 739 2777 815 2837; x_wconf 91' lang='lat' dir='ltr'>duo-</span> 
     </span>
     <span class='ocr_line' id='line_1_31' title="bbox 137 2859 818 2949; baseline -0.004 -26"><span class='ocrx_word' id='word_1_199' title='bbox 137 2865 202 2940; x_wconf 89' lang='lat' dir='ltr'>bus,</span> <span class='ocrx_word' id='word_1_200' title='bbox 221 2869 271 2949; x_wconf 90' lang='lat' dir='ltr'>qui</span> <span class='ocrx_word' id='word_1_201' title='bbox 287 2886 358 2937; x_wconf 91' lang='lat' dir='ltr'>me,</span> <span class='ocrx_word' id='word_1_202' title='bbox 377 2867 425 2945; x_wconf 91' lang='lat' dir='ltr'>qui</span> <span class='ocrx_word' id='word_1_203' title='bbox 441 2862 648 2944; x_wconf 88' lang='lat' dir='ltr'>rempublicam</span> <span class='ocrx_word' id='word_1_204' title='bbox 663 2881 750 2940; x_wconf 89' lang='lat' dir='ltr'>quum</span> <span class='ocrx_word' id='word_1_205' title='bbox 766 2859 818 2920; x_wconf 87' lang='lat' dir='ltr'>de-</span> 
     </span>
     <span class='ocr_line' id='line_1_32' title="bbox 135 2940 819 3023; baseline -0.006 -17"><span class='ocrx_word' id='word_1_206' title='bbox 135 2945 251 3012; x_wconf 89' lang='lat' dir='ltr'>sendere</span> <span class='ocrx_word' id='word_1_207' title='bbox 267 2948 431 3020; x_wconf 86' lang='lat' dir='ltr'>deberent,</span> <span class='ocrx_word' id='word_1_208' title='bbox 444 2944 558 3010; x_wconf 86' lang='lat' dir='ltr'>servare</span> <span class='ocrx_word' id='word_1_209' title='bbox 572 2940 704 3023; x_wconf 82' lang='lat' dir='ltr'>possent3</span> <span class='ocrx_word' id='word_1_210' title='bbox 717 2962 819 3023; x_wconf 83' lang='lat' dir='ltr'>quum·</span> 
     </span>
    </p>
   </div>
   <div class='ocr_carea' id='block_1_3' title="bbox 0 0 1064 3942">
    <p class='ocr_par' dir='ltr' id='par_1_18' title="bbox 0 0 1064 3942">
     <span class='ocr_line' id='line_1_33' title="bbox 0 0 1064 3942; baseline 0 0"><span class='ocrx_word' id='word_1_211' title='bbox 0 0 1064 3942; x_wconf 95' lang='lat' dir='ltr'> </span> 
     </span>
    </p>
   </div>
  </div>
 </body>
</html>
