2117 3942
191 406 264 483 152
314 412 318 417 ’
406 386 629 456 Onnrro

183 504 217 565 so
233 499 315 580 hujus
330 502 445 583 gentis,
459 519 585 562 aeterra
601 497 781 573 domestico,
795 501 875 560 nati*

186 603 285 664 voque
303 579 381 643 sensu
393 627 402 655 ,
414 581 503 642 Italos
513 582 589 663 ipsos
599 627 609 655 ‚
621 603 655 642 ac
670 581 790 640 latinos
800 601 810 653 ;
822 581 875 649 sed

186 666 295 745 pietate
319 683 352 722 ac
375 663 543 743 religione,
568 681 654 744 arque
678 661 732 720 hac
751 662 811 721 uns
832 654 877 721 sa*

186 744 314 826 pientii,
327 743 408 822 qubd
422 743 545 803 deorum
561 743 768 803 immortalium
779 744 879 801 numi·

186 845 225 886 ne
250 825 348 886 omnia
369 825 459 906 regi,
486 823 694 906 gubernarique
721 821 878 903 perspexi·

186 926 275 978 mus,
292 924 396 965 omnes
414 921 537 986 gentes,
552 903 741 985 nationesque
758 902 878 985 supera·

190 1006 297 1049 vimus.

197 1106 200 1111 -
229 1065 275 1126 Xr
289 1065 413 1145 Quare,
427 1085 464 1125 ne
486 1065 567 1146 plura
586 1065 623 1126 de
639 1085 671 1126 re
688 1064 808 1124 minimi
828 1064 877 1125 lo·

188 1166 260 1227 quar
277 1147 387 1219 dubis,
405 1146 541 1207 adhibete
561 1148 673 1206 animos
684 1165 694 1216 ;
707 1146 740 1204 δι
761 1161 877 1206 mentes

190 1227 298 1287 vestras
320 1272 329 1300 ,
353 1248 412 1286 non
429 1226 520 1287 solium
535 1246 637 1299 aures,
658 1226 696 1286 ad
715 1224 877 1306 aruspicum

189 1328 298 1373 uocem
317 1306 492 1367 admovete:
509 1307 595 1388 Quid
608 1310 638 1367 in
649 1329 714 1388 agro
728 1308 876 1367 larinien·

188 1389 215 1448 si
237 1390 349 1447 nuditus
368 1391 403 1466 est
411 1389 540 1468 strepitus
563 1409 622 1448 cum
633 1385 756 1467 fremitu.
781 1386 875 1448 Mitto

188 1467 353 1548 aruspices,
386 1469 471 1528 mitto
490 1467 569 1528 illam
591 1486 724 1529 veterem
741 1467 779 1527 ab
805 1471 876 1548 ipsis

189 1549 244 1609 diis
262 1549 492 1622 immortalibus,
512 1568 543 1608 ut
555 1549 707 1610 hominum
722 1546 800 1608 sama
814 1547 875 1624 est,

190 1627 313 1690 Etruriae
342 1629 439 1690 datam
467 1628 668 1710 disciplinam:
697 1650 752 1688 nos
773 1649 876 1691 nonne

188 1709 334 1791 aruspices
361 1708 417 1770 esse
439 1708 586 1789 possumus
612 1711 624 1772 i
654 1711 819 1770 Exaudirus
844 1714 876 1771 in

190 1813 255 1873 agro
270 1793 445 1871 propinquo,
465 1792 492 1852 Gr
504 1792 681 1871 firburbano‚
700 1813 713 1849 e
743 1791 876 1870 strepitur

190 1874 302 1952 quidam
319 1873 493 1944 reconditus,
507 1873 685 1931 &horribilis
724 1871 821 1931 eminus
830 1894 877 1930 ar·

191 1973 303 2015 morum.
325 1951 401 2032 Quis
418 1950 511 2014 estex
528 1953 690 2036 gigantibus
706 1951 783 2023 illis,
800 1962 875 2032 quos

189 2039 287 2117 poitae
306 2033 401 2095 ferunt
419 2034 528 2096 bellurn
546 2035 598 2094 diis
610 2033 820 2093 immortalibus
829 2036 876 2093 ina.

191 2114 283 2177 tulisse
293 2160 304 2189 ‚
321 2133 381 2176 tam
397 2118 522 2197 impius,
543 2118 592 2197 qui
612 2115 671 2175 hoc
688 2130 748 2173 tam
768 2135 875 2188 novo,

190 2211 332 2275 tantoque
349 2214 451 2267 motu,
462 2217 522 2259 non
536 2216 672 2279 magnum
684 2193 791 2274 aliquid
800 2195 876 2254 deos

191 2276 305 2355 populo
324 2274 460 2338 Romano
480 2276 718 2360 praemonstrare,
745 2274 877 2354 &prae-

191 2357 289 2417 cinere
302 2354 446 2416 fateatur?

234 2455 282 2498 21.
303 2434 354 2496 De
371 2457 405 2499 ea
422 2456 454 2498 re
469 2436 607 2518 scriptum
625 2435 687 2510 eli,
704 2433 876 2515 postulatio·

190 2539 243 2583 nes
260 2515 317 2578 esse
332 2515 421 2591 lovi,
439 2517 581 2592 Saturno,
595 2517 756 2599 Neptuno,
769 2515 875 2575 Tellu-

131 2612 134 2616 '
191 2601 239 2673 ri,
268 2599 320 2658 diis
344 2596 515 2663 coelestibus.
539 2598 663 2671 Audio,
691 2597 795 2678 quibus
819 2597 875 2657 diis

190 2680 306 2742 violatis
325 2681 451 2760 expiatio
465 2679 622 2743 debeatur:
636 2676 705 2750 sed,
719 2677 874 2738 bominum

190 2780 255 2840 quae
271 2760 312 2820 ob
330 2760 451 2836 delisia,
470 2782 579 2842 quaero.
601 2761 695 2821 ludos
720 2759 809 2819 minus
828 2762 875 2819 cli-¹

192 2841 304 2921 ligamen
314 2839 409 2980 pam
418 2887 430 2914 ,
441 2841 630 2933 'pollutosqufi
654 2838 742 2916 Quos
762 2838 875 2934 ludos?

189 2935 225 3009 tc¹
238 2938 313 3006 appe
325 2921 382 3000 lo,
406 2922 529 2988 Lentule
547 2942 555 2982 ε
575 2940 622 2985 tur
636 2917 790 2983 sacerdotu
808 2918 875 2985 sunt
