2117 3942
224 343 323 426 Pno
349 303 421 413 Cn.
445 341 689 412 PaAncro.
730 357 805 442 μς

167 455 227 518 ΙΧ.
250 457 381 530 Omnia,
397 477 460 537 quae
476 457 543 517 dico
558 458 595 519 de
609 458 747 529 Plancio,
763 457 812 517 di·

126 560 163 599 co
183 555 316 618 expertus
329 542 358 598 in
372 537 473 597 nobis:
490 537 584 597 sumus
600 542 678 601 enim
693 537 809 598 finitimi

126 620 304 678 Atinatibus.
318 617 473 679 Laudanda
484 616 545 691 est,
553 620 601 678 vel
613 622 698 679 etiam
709 640 811 679 arnan-

127 700 166 758 da
185 702 315 759 vicinitas
324 702 623 779 ,retinensveterem
640 700 720 758 illum
741 696 811 758 offr-

128 781 171 839 cii.
184 799 300 840 morem
317 823 332 849 ,
347 798 407 838 non
429 776 564 837 infuscata
582 779 787 839 malevolentis
797 823 811 850 ,

128 881 191 919 non
209 858 316 918 allueta
333 858 509 931 mendaciis,
527 878 588 919 non
607 859 728 931 fucata,
749 880 812 920 non
838 878 841 882 ·

128 939 237 1009 fallax,
260 960 320 998 non
338 938 448 999 erudita
468 937 589 998 artificio
605 940 813 1012 simulationis,

130 1021 180 1082 vel
197 1019 380 1093 suburbano,
398 1019 447 1078 vel
464 1020 552 1078 etiam
570 1021 702 1078 urbano:
723 1040 813 1086 nemo

130 1101 258 1181 Arpinas
273 1121 333 1159 non
350 1099 467 1158 Plancio
481 1097 605 1172 studuit,
621 1119 710 1160 nemo
725 1099 815 1160 Sora-

131 1202 206 1253 nus,
225 1200 313 1240 nemo
330 1178 474 1252 Casinas,
491 1200 580 1239 nemo
599 1179 748 1260 Aquinas:
763 1195 816 1239 to-

132 1279 179 1320 tus
196 1260 245 1320 ille
261 1259 364 1319 tracius
379 1258 601 1334 celeberrimus,
615 1259 816 1333 Venafranus,

133 1340 278 1401 Allifanus
293 1361 303 1412 ;
323 1356 385 1400 tota
403 1340 529 1421 denique
548 1339 642 1401 nostra
667 1340 715 1400 illa
732 1338 824 1420 aspe-

133 1444 186 1493 ra,
200 1421 232 1480 &
249 1419 420 1494 montuosa,
433 1419 483 1481 sed
496 1420 607 1496 fidelis,
629 1421 662 1482 &
674 1418 818 1502 simplex,

136 1503 170 1563 δι
189 1499 294 1561 fautrix
311 1500 425 1561 suorum
443 1504 549 1584 regio,
569 1501 598 1564 se
617 1500 700 1582 hujus
719 1502 819 1561 hono-

135 1603 168 1642 re
188 1583 311 1650 ornari,
334 1580 362 1641 se
381 1586 479 1662 augeri
497 1583 634 1664 dignitate
658 1583 817 1642 arbitraba·

137 1680 184 1722 tur
201 1684 209 1721 ε
229 1661 385 1740 iisdemque
407 1683 483 1720 nunc
503 1684 520 1720 a
538 1665 697 1742 municipiis
716 1661 817 1723 adsunt

138 1745 251 1823 equites
273 1741 400 1800 Romani
417 1740 558 1822 publice,
581 1763 647 1801 curn
667 1741 820 1822 legationis

137 1821 322 1894 testimoni03
337 1840 391 1881 nec
408 1823 520 1881 minore
536 1819 599 1881 sunt
610 1820 821 1895 sollicitudine,

139 1903 227 1985 quam
244 1920 311 1961 -tutn
330 1916 410 1961 erant
430 1900 544 1960 studio:
566 1903 674 1961 etenim
693 1900 732 1961 est
750 1923 822 1983 graf

139 1987 203 2044 vius
227 1981 341 2062 spoliari
364 1979 506 2053 fortunis,
530 1981 616 2061 qu‘am
641 2001 706 2041 non
725 1983 824 2120 augeri

142 2065 290 2143 dignitate.
315 2060 393 2141 Ergo
416 2061 521 2119 utalia
543 2064 573 2120 in
592 2078 622 2121 te
643 2077 723 2121 erant
742 2062 761 2119 il
774 2083 823 2120 us-

141 2147 256 2212 triora,
276 2140 460 2212 Laterensis,
479 2161 543 2220 quae
564 2142 615 2200 tibi
633 2139 763 2221 'majores
780 2143 833 2219 tui¹

143 2223 317 2302 reliquerant
334 2241 344 2293 ;
366 2224 405 2281 sic
425 2240 454 2281 te
472 2221 602 2283 Plancius
618 2221 675 2282 hoc
696 2243 755 2289 non
774 2221 825 2282 so·

124 2372 125 2375 ¹
144 2305 205 2363 lirrn
218 2302 382 2382 municipii,
394 2303 595 2371 verumetiam
609 2304 760 2364 vicinitatis
774 2322 828 2383 ge·¹

144 2403 214 2444 nere
235 2384 397 2442 vincebat:
421 2385 474 2442 nisi
499 2383 575 2443 forte
597 2401 627 2443 te
652 2383 797 2443 Lavicana
813 2388 852 2454 ,J

144 2480 194 2524 aut
209 2461 382 2536 Bovillana,
398 2482 446 2521 aut
462 2461 579 2531 Gabina
592 2463 692 2527 civitas
706 2459 827 2536 adjuva·

144 2546 213 2613 bat;
225 2543 327 2680 qqibus·
343 2562 360 2600 e
377 2544 536 2621 municipiis
551 2544 600 2599 virt
616 2539 692 2618 jam,
706 2543 754 2621 qui
767 2561 830 2601 car·

148 2643 217 2683 nem
261 2638 343 2679 atinrs
356 2637 478 2699 petant,
496 2622 690 2689 inveniuntur.

190 2719 237 2777 23.
262 2697 430 2780 Adjungam
450 2745 460 2774 ,
484 2703 506 2757 si
525 2702 569 2760 vis
590 2743 599 2773 ,
620 2699 680 2771 id,
700 2700 779 2782 quod
796 2719 831 2764 tu

150 2783 238 2840 etiarn
258 2780 324 2839 huic
342 2777 440 2840 obeffe
460 2797 573 2860 putas,
596 2798 712 2860 partem
733 2785 833 2862 publi·
859 2801 861 2804 ·

150 2881 271 2922 canum:
287 2861 336 2944 qui
354 2858 429 2924 ordo
446 2877 555 2943 quanto
570 2859 743 3002 adjurqento
754 2867 789 2925 sit
801 2867 840 2939 im

691 2964 712 3008 V
