2117 3942
263 407 368 477 Pno
404 407 446 476 P.
479 413 691 480 errro.
750 432 828 506 257

148 522 256 598 nitatis,
269 542 375 583 omnes
391 539 510 596 etates,
526 543 628 586 omnes
639 527 756 589 ordines
769 531 827 591 und

147 603 355 665 consentiunt?
378 625 414 663 an
437 607 467 663 in
491 624 547 682 qua
570 604 648 666 furiae
673 611 826 671 concitata

144 701 287 765 tamquam
304 682 341 742 ad
358 680 442 743 funus
460 684 624 762 reipublicae
641 689 827 751 convolant?

142 800 148 809 ·
177 782 248 823 110.
269 763 343 835 An,
356 763 446 823 sicubi
466 764 557 824 aderit
577 763 714 843 Gellius,
729 770 822 831 horno

141 843 169 904 ἃ
184 843 278 904 fratre
295 843 355 903 indi
376 865 451 915 nus,
465 844 530 904 viro
545 842 722 921 clarissimo,
736 868 823 939 atque

140 927 254 1004 optimo
268 922 346 983 cons
370 943 409 994 e,
423 924 454 985 &
470 923 572 984 ordine
587 926 729 1006 equestri,
744 950 828 1007 culus¹
893 964 897 972 ·

137 1005 179 1065 ille
210 1005 325 1065 ordinis
352 1024 462 1063 nomen
490 1006 625 1076 retiner,
652 1026 821 1069 ornamenta

138 1083 286 1156 confecit,
299 1082 330 1141 id
343 1085 396 1142 erit
411 1082 575 1163 populare?
589 1083 629 1143 est
642 1087 719 1145 enirn
732 1087 823 1150 homo

135 1162 183 1225 iste
204 1163 322 1245 populo
348 1162 487 1223 Romano
516 1163 639 1222 deditus.
662 1165 742 1226 Nihil
764 1169 824 1229 vidi

134 1247 223 1325 magis
246 1264 254 1302 ε
277 1243 351 1324 qui,
373 1264 463 1324 quum
489 1239 552 1321 ejus
573 1244 767 1306 adolescentia
789 1249 820 1309 iu

134 1326 318 1405 amplissimis
332 1323 491 1384 honoribus
504 1322 606 1382 summi
621 1326 693 1399 viri,
706 1325 743 1386 L.
755 1325 823 1386 Phi·

134 1403 357 1486 lippi,vitrici,
375 1404 480 1464 slorere
498 1402 655 1483 potuisset,
672 1405 761 1486 usque
784 1408 822 1468 eb

133 1505 191 1544 non
208 1484 265 1544 fuit
285 1485 452 1563 popularis,
471 1500 503 1543 ut
520 1485 599 1543 bona
611 1484 687 1561 solus
702 1507 822 1546 comes-

134 1581 201 1624 set:
228 1563 338 1624 deinde
364 1584 400 1623 ex
427 1566 540 1644 impuro
572 1564 753 1626 adolescente
785 1568 818 1629 δι

133 1644 304 1739 petulante,
323 1642 511 1724 posteaquam
530 1663 593 1703 rem
612 1665 762 1725 paternam
781 1649 819 1709 ab

133 1725 290 1785 idiotarum
306 1725 411 1784 divitiis
428 1725 465 1783 ad
480 1724 593 1804 philolo
616 1725 721 1786 horum
734 1747 820 1822 regu·

133 1805 186 1867 lam
207 1803 367 1886 perduxit,
393 1801 561 1864 Graeculum
595 1824 611 1865 e
633 1820 718 1885 atque
738 1825 819 1866 otro·

132 1883 187 1946 suni
205 1887 303 1966 putari
318 1884 432 1944 voluit:
449 1884 542 1942 studio
556 1884 713 1951 litterarum
729 1885 758 1946 se
775 1887 822 1947 su·

132 1965 192 2027 bito
220 1964 344 2026 dedidit.
371 1963 449 2029 Nihil
469 1963 535 2023 sane
560 1965 638 2023 Attae
657 1962 817 2041 juvabant:

130 2044 321 2128 anagnostae‚
341 2044 431 2105 libelli
458 2046 546 2103 etiam
571 2065 625 2123 pro
648 2041 776 2105 viuo'sae
800 2067 818 2108 e

132 2126 414 2208 oppignerabanrur:
428 2125 564 2183 manebat
577 2124 754 2186 insaturabile
766 2069 818 2186 ab·

131 2206 263 2280 domen,
280 2208 372 2284 copiae
387 2203 579 2265 deficiebant:
595 2207 690 2285 itaque
704 2205 816 2288 semper

131 2287 296 2347 versabatur
313 2289 342 2344 in
358 2283 407 2365 spe
424 2306 516 2344 rerum
531 2306 693 2345 novarum:
709 2290 816 2350 otio&

130 2367 336 2446 tranquillitate
354 2366 514 2444 reipublicae
532 2366 764 2427 consenescebat.

133 2498 137 2507 .
166 2446 231 2508 LII.
246 2445 355 2526 Ecquae
369 2445 468 2506 seditio
483 2468 499 2503 u
553 2468 619 2505 uam
631 2446 683 2509 suit
695 2491 705 2517 ,
716 2451 745 2506 in
758 2468 815 2524 qua

129 2547 185 2588 non
200 2527 251 2587 ille
269 2525 422 2605 princeps?
437 2468 680 2604 ecqudleditiosus
691 2569 699 2596 ,
711 2528 755 2585 cui
766 2527 815 2585 ille

129 2627 184 2667 non
202 2606 375 2667 familiaris?
393 2625 492 2684 ecquae
511 2605 675 2664 turbulenta
690 2607 815 2676 concio,

128 2686 204 2766 cujus
224 2688 275 2748 ille
295 2708 357 2745 non
376 2683 560 2749 concitator?
584 2686 629 2742 cui
646 2684 721 2743 bene
744 2683 812 2745 dixit

126 2789 264 2849 umquam
278 2765 383 2826 bono?
401 2766 477 2824 bene
495 2763 586 2822 dixit?
603 2765 693 2821 irnmo
705 2808 714 2835 ‚
725 2785 812 2842 quem

124 2847 232 2908 fortem
253 2848 286 2907 &
308 2846 421 2905 bonum
437 2848 530 2905 civem
545 2865 605 2902 non
619 2843 812 2922 petulantissi-

123 2930 169 2992 me
189 2927 232 2992 est
249 2925 403 2990 inseslatus
417 2924 427 2986 ἓ
442 2927 513 3008 qui,
530 2941 561 2985 ut
581 2923 668 2986 credo
679 2969 688 3004 ‚
699 2945 758 2986 uon
775 2926 812 2987 li·
