<?xml version="1.0" encoding="UTF-8"?>
<!DOCTYPE html PUBLIC "-//W3C//DTD XHTML 1.0 Transitional//EN"
    "http://www.w3.org/TR/xhtml1/DTD/xhtml1-transitional.dtd">
<html xmlns="http://www.w3.org/1999/xhtml" xml:lang="en" lang="en">
 <head>
  <title>
</title>
<meta http-equiv="Content-Type" content="text/html;charset=utf-8" />
  <meta name='ocr-system' content='tesseract 3.04.00' />
  <meta name='ocr-capabilities' content='ocr_page ocr_carea ocr_par ocr_line ocrx_word'/>
</head>
<body>
  <div class='ocr_page' id='page_1' title='image "./mtulliiciceroni06lallgoog_0039.png"; bbox 0 0 2117 3942; ppageno 0'>
   <div class='ocr_carea' id='block_1_1' title="bbox 285 360 877 470">
    <p class='ocr_par' dir='ltr' id='par_1_1' title="bbox 285 360 877 470">
     <span class='ocr_line' id='line_1_1' title="bbox 285 360 877 470; baseline 0.012 -36"><span class='ocrx_word' id='word_1_1' title='bbox 285 366 387 436; x_wconf 80' lang='lat' dir='ltr'>Puo</span> <span class='ocrx_word' id='word_1_2' title='bbox 409 367 565 440; x_wconf 77' lang='lat' dir='ltr'>Dorso</span> <span class='ocrx_word' id='word_1_3' title='bbox 593 389 708 442; x_wconf 66' lang='lat' dir='ltr'>sua.</span> <span class='ocrx_word' id='word_1_4' title='bbox 779 398 830 470; x_wconf 83' lang='lat'>51</span> <span class='ocrx_word' id='word_1_5' title='bbox 875 360 877 365; x_wconf 68' lang='grc'><strong>’</strong></span> 
     </span>
    </p>
   </div>
   <div class='ocr_carea' id='block_1_2' title="bbox 85 477 876 2911">
    <p class='ocr_par' dir='ltr' id='par_1_2' title="bbox 136 477 876 1268">
     <span class='ocr_line' id='line_1_2' title="bbox 139 477 833 565; baseline 0.016 -24"><span class='ocrx_word' id='word_1_6' title='bbox 139 477 284 550; x_wconf 71' lang='lat' dir='ltr'>exercitius</span> <span class='ocrx_word' id='word_1_7' title='bbox 297 496 412 543; x_wconf 88' lang='lat' dir='ltr'>terrore</span> <span class='ocrx_word' id='word_1_8' title='bbox 425 525 434 554; x_wconf 94' lang='lat'>,</span> <span class='ocrx_word' id='word_1_9' title='bbox 448 481 482 542; x_wconf 78' lang='grc' dir='ltr'>δι</span> <span class='ocrx_word' id='word_1_10' title='bbox 493 482 643 547; x_wconf 85' lang='lat' dir='ltr'>consulum</span> <span class='ocrx_word' id='word_1_11' title='bbox 655 487 782 565; x_wconf 83' lang='lat' dir='ltr'>scelere,</span> <span class='ocrx_word' id='word_1_12' title='bbox 797 494 833 554; x_wconf 79' lang='lat' dir='ltr'>dc</span> 
     </span>
     <span class='ocr_line' id='line_1_3' title="bbox 139 562 833 643; baseline 0.014 -22"><span class='ocrx_word' id='word_1_13' title='bbox 139 562 398 622; x_wconf 81' lang='lat' dir='ltr'>audacissimorum</span> <span class='ocrx_word' id='word_1_14' title='bbox 422 563 574 626; x_wconf 85' lang='lat' dir='ltr'>hominum</span> <span class='ocrx_word' id='word_1_15' title='bbox 595 569 705 643; x_wconf 86' lang='lat' dir='ltr'>minis,</span> <span class='ocrx_word' id='word_1_16' title='bbox 726 567 833 631; x_wconf 81' lang='lat' dir='ltr'>servo-</span> 
     </span>
     <span class='ocr_line' id='line_1_4' title="bbox 138 642 831 729; baseline 0.01 -25"><span class='ocrx_word' id='word_1_17' title='bbox 138 665 194 704; x_wconf 86' lang='lat' dir='ltr'>rum</span> <span class='ocrx_word' id='word_1_18' title='bbox 213 642 357 717; x_wconf 64' lang='lat' dir='ltr'>deletu,</span> <span class='ocrx_word' id='word_1_19' title='bbox 372 642 539 706; x_wconf 78' lang='lat' dir='ltr'>obsessione</span> <span class='ocrx_word' id='word_1_20' title='bbox 556 649 754 729; x_wconf 87' lang='lat' dir='ltr'>templorum,</span> <span class='ocrx_word' id='word_1_21' title='bbox 774 672 831 712; x_wconf 92' lang='lat' dir='ltr'>oc·</span> 
     </span>
     <span class='ocr_line' id='line_1_5' title="bbox 137 723 876 807; baseline 0.014 -23"><span class='ocrx_word' id='word_1_22' title='bbox 137 728 291 807; x_wconf 79' lang='lat' dir='ltr'>copatione</span> <span class='ocrx_word' id='word_1_23' title='bbox 306 723 367 786; x_wconf 87' lang='lat' dir='ltr'>fori</span> <span class='ocrx_word' id='word_1_24' title='bbox 381 769 392 798; x_wconf 90' lang='lat'><strong>,</strong></span> <span class='ocrx_word' id='word_1_25' title='bbox 404 729 596 806; x_wconf 83' lang='lat' dir='ltr'>oppressione</span> <span class='ocrx_word' id='word_1_26' title='bbox 614 732 720 803; x_wconf 68' lang='lat' dir='ltr'>curia,</span> <span class='ocrx_word' id='word_1_27' title='bbox 735 729 830 794; x_wconf 87' lang='lat' dir='ltr'>domo</span> <span class='ocrx_word' id='word_1_28' title='bbox 867 782 876 803; x_wconf 83' lang='lat'><em>,</em></span> 
     </span>
     <span class='ocr_line' id='line_1_6' title="bbox 137 805 830 887; baseline 0.009 -21"><span class='ocrx_word' id='word_1_29' title='bbox 137 805 295 887; x_wconf 66' lang='lat' dir='ltr'>lupatria,</span> <span class='ocrx_word' id='word_1_30' title='bbox 309 825 350 866; x_wconf 86' lang='lat' dir='ltr'>ne</span> <span class='ocrx_word' id='word_1_31' title='bbox 367 826 438 866; x_wconf 88' lang='lat' dir='ltr'>cum</span> <span class='ocrx_word' id='word_1_32' title='bbox 451 808 592 887; x_wconf 82' lang='lat' dir='ltr'>improbis</span> <span class='ocrx_word' id='word_1_33' title='bbox 606 806 676 869; x_wconf 84' lang='lat' dir='ltr'>boni</span> <span class='ocrx_word' id='word_1_34' title='bbox 689 808 767 871; x_wconf 87' lang='lat' dir='ltr'>t&#39;erro</span> <span class='ocrx_word' id='word_1_35' title='bbox 784 811 830 872; x_wconf 91' lang='lat' dir='ltr'>di·</span> 
     </span>
     <span class='ocr_line' id='line_1_7' title="bbox 137 884 829 969; baseline 0.004 -22"><span class='ocrx_word' id='word_1_36' title='bbox 137 890 294 960; x_wconf 85' lang='lat' dir='ltr'>micarent,</span> <span class='ocrx_word' id='word_1_37' title='bbox 308 886 420 949; x_wconf 88' lang='lat' dir='ltr'>cedere</span> <span class='ocrx_word' id='word_1_38' title='bbox 433 884 556 961; x_wconf 82' lang='lat' dir='ltr'>curasti,</span> <span class='ocrx_word' id='word_1_39' title='bbox 573 906 661 969; x_wconf 85' lang='lat' dir='ltr'>quem</span> <span class='ocrx_word' id='word_1_40' title='bbox 676 911 693 949; x_wconf 91' lang='lat' dir='ltr'>a</span> <span class='ocrx_word' id='word_1_41' title='bbox 709 888 829 965; x_wconf 86' lang='lat' dir='ltr'>senatu,</span> 
     </span>
     <span class='ocr_line' id='line_1_8' title="bbox 172 966 826 1049; baseline 0.008 -21"><span class='ocrx_word' id='word_1_42' title='bbox 172 988 217 1028; x_wconf 88' lang='lat' dir='ltr'>em</span> <span class='ocrx_word' id='word_1_43' title='bbox 239 967 371 1028; x_wconf 87' lang='lat' dir='ltr'>abonis</span> <span class='ocrx_word' id='word_1_44' title='bbox 393 966 555 1041; x_wconf 85' lang='lat' dir='ltr'>omnibus,</span> <span class='ocrx_word' id='word_1_45' title='bbox 575 987 663 1049; x_wconf 88' lang='lat' dir='ltr'>quem</span> <span class='ocrx_word' id='word_1_46' title='bbox 683 991 701 1030; x_wconf 92' lang='lat' dir='ltr'>a</span> <span class='ocrx_word' id='word_1_47' title='bbox 723 969 826 1033; x_wconf 68' lang='lat' dir='ltr'>cun&amp;</span> 
     </span>
     <span class='ocr_line' id='line_1_9' title="bbox 136 989 827 1123; baseline 0.006 -16"><span class='ocrx_word' id='word_1_48' title='bbox 136 989 210 1108; x_wconf 71' lang='lat' dir='ltr'>lillis</span> <span class='ocrx_word' id='word_1_49' title='bbox 233 1047 461 1123; x_wconf 82' lang='lat' dir='ltr'>desideratum,</span> <span class='ocrx_word' id='word_1_50' title='bbox 482 1051 679 1122; x_wconf 88' lang='lat' dir='ltr'>arcessitum,</span> <span class='ocrx_word' id='word_1_51' title='bbox 699 1067 827 1111; x_wconf 82' lang='lat' dir='ltr'>revoca-</span> 
     </span>
     <span class='ocr_line' id='line_1_10' title="bbox 138 1127 826 1267; baseline 0.007 -81"><span class='ocrx_word' id='word_1_52' title='bbox 138 1145 195 1267; x_wconf 72' lang='lat' dir='ltr'>tfium</span> <span class='ocrx_word' id='word_1_53' title='bbox 207 1173 217 1202; x_wconf 89' lang='lat'>‚</span> <span class='ocrx_word' id='word_1_54' title='bbox 229 1127 444 1199; x_wconf 73' lang='lat' dir='ltr'>conseruandae</span> <span class='ocrx_word' id='word_1_55' title='bbox 460 1128 625 1209; x_wconf 81' lang='lat' dir='ltr'>reipublicae</span> <span class='ocrx_word' id='word_1_56' title='bbox 639 1127 724 1189; x_wconf 66' lang='lat' dir='ltr'>causi</span> <span class='ocrx_word' id='word_1_57' title='bbox 731 1172 743 1201; x_wconf 89' lang='lat'>‚</span> <span class='ocrx_word' id='word_1_58' title='bbox 753 1150 826 1191; x_wconf 87' lang='lat' dir='ltr'>cou-</span> 
     </span>
     <span class='ocr_line' id='line_1_11' title="bbox 160 1209 244 1268; baseline 0.024 -2"><span class='ocrx_word' id='word_1_59' title='bbox 160 1209 244 1268; x_wconf 79' lang='lat' dir='ltr'>teris?</span> 
     </span>
    </p>

    <p class='ocr_par' dir='ltr' id='par_1_3' title="bbox 129 1284 848 2822">
     <span class='ocr_line' id='line_1_12' title="bbox 175 1284 827 1363; baseline 0 -14"><span class='ocrx_word' id='word_1_60' title='bbox 175 1288 202 1348; x_wconf 90' lang='lat'>6.</span> <span class='ocrx_word' id='word_1_61' title='bbox 220 1288 263 1349; x_wconf 88' lang='lat' dir='ltr'>At</span> <span class='ocrx_word' id='word_1_62' title='bbox 283 1288 367 1348; x_wconf 87' lang='lat' dir='ltr'>enim</span> <span class='ocrx_word' id='word_1_63' title='bbox 385 1287 416 1346; x_wconf 92' lang='lat' dir='ltr'>in</span> <span class='ocrx_word' id='word_1_64' title='bbox 434 1285 564 1349; x_wconf 87' lang='lat' dir='ltr'>senatum</span> <span class='ocrx_word' id='word_1_65' title='bbox 583 1287 747 1363; x_wconf 87' lang='lat' dir='ltr'>venire,in</span> <span class='ocrx_word' id='word_1_66' title='bbox 762 1284 827 1349; x_wconf 86' lang='lat' dir='ltr'>Ca-</span> 
     </span>
     <span class='ocr_line' id='line_1_13' title="bbox 136 1368 848 1449; baseline 0.006 -20"><span class='ocrx_word' id='word_1_67' title='bbox 136 1371 264 1449; x_wconf 86' lang='lat' dir='ltr'>pitolium</span> <span class='ocrx_word' id='word_1_68' title='bbox 286 1369 398 1429; x_wconf 70' lang='lat' dir='ltr'>uittam</span> <span class='ocrx_word' id='word_1_69' title='bbox 424 1369 592 1430; x_wconf 83' lang='lat' dir='ltr'>turbulento</span> <span class='ocrx_word' id='word_1_70' title='bbox 616 1368 668 1431; x_wconf 87' lang='lat' dir='ltr'>illo</span> <span class='ocrx_word' id='word_1_71' title='bbox 688 1369 736 1429; x_wconf 92' lang='lat' dir='ltr'>die</span> <span class='ocrx_word' id='word_1_72' title='bbox 761 1390 823 1431; x_wconf 90' lang='lat' dir='ltr'>non</span> <span class='ocrx_word' id='word_1_73' title='bbox 845 1426 848 1433; x_wconf 94' lang='grc'>.</span> 
     </span>
     <span class='ocr_line' id='line_1_14' title="bbox 136 1445 821 1531; baseline 0.004 -23"><span class='ocrx_word' id='word_1_74' title='bbox 136 1448 263 1511; x_wconf 84' lang='lat' dir='ltr'>debuisti.</span> <span class='ocrx_word' id='word_1_75' title='bbox 283 1445 354 1531; x_wconf 83' lang='lat' dir='ltr'>Ego</span> <span class='ocrx_word' id='word_1_76' title='bbox 368 1449 443 1508; x_wconf 79' lang='lat' dir='ltr'>veto</span> <span class='ocrx_word' id='word_1_77' title='bbox 461 1469 556 1530; x_wconf 86' lang='lat' dir='ltr'>neque</span> <span class='ocrx_word' id='word_1_78' title='bbox 571 1452 661 1524; x_wconf 84' lang='lat' dir='ltr'>veni,</span> <span class='ocrx_word' id='word_1_79' title='bbox 674 1449 708 1510; x_wconf 88' lang='lat'>&amp;</span> <span class='ocrx_word' id='word_1_80' title='bbox 726 1447 821 1511; x_wconf 88' lang='lat' dir='ltr'>domo</span> 
     </span>
     <span class='ocr_line' id='line_1_15' title="bbox 136 1528 823 1612; baseline 0.006 -23"><span class='ocrx_word' id='word_1_81' title='bbox 136 1551 178 1591; x_wconf 88' lang='lat' dir='ltr'>nte</span> <span class='ocrx_word' id='word_1_82' title='bbox 198 1533 305 1602; x_wconf 91' lang='lat' dir='ltr'>tenui,</span> <span class='ocrx_word' id='word_1_83' title='bbox 327 1528 466 1610; x_wconf 84' lang='lat' dir='ltr'>quamdiu</span> <span class='ocrx_word' id='word_1_84' title='bbox 486 1531 682 1593; x_wconf 85' lang='lat' dir='ltr'>turbulentum</span> <span class='ocrx_word' id='word_1_85' title='bbox 705 1547 823 1612; x_wconf 82' lang='lat' dir='ltr'>ternpus</span> 
     </span>
     <span class='ocr_line' id='line_1_16' title="bbox 136 1607 822 1694; baseline 0.004 -24"><span class='ocrx_word' id='word_1_86' title='bbox 136 1610 206 1687; x_wconf 84' lang='lat' dir='ltr'>fuit;</span> <span class='ocrx_word' id='word_1_87' title='bbox 226 1630 323 1694; x_wconf 87' lang='lat' dir='ltr'>quum</span> <span class='ocrx_word' id='word_1_88' title='bbox 341 1607 442 1670; x_wconf 84' lang='lat' dir='ltr'>servos</span> <span class='ocrx_word' id='word_1_89' title='bbox 462 1628 528 1672; x_wconf 82' lang='lat' dir='ltr'>tuos</span> <span class='ocrx_word' id='word_1_90' title='bbox 550 1613 587 1672; x_wconf 91' lang='lat' dir='ltr'>ad</span> <span class='ocrx_word' id='word_1_91' title='bbox 609 1615 764 1692; x_wconf 79' lang='lat' dir='ltr'>rapinam,</span> <span class='ocrx_word' id='word_1_92' title='bbox 782 1610 822 1673; x_wconf 85' lang='lat' dir='ltr'>ad</span> 
     </span>
     <span class='ocr_line' id='line_1_17' title="bbox 136 1689 821 1774; baseline 0.01 -24"><span class='ocrx_word' id='word_1_93' title='bbox 136 1693 281 1754; x_wconf 84' lang='lat' dir='ltr'>bonorum</span> <span class='ocrx_word' id='word_1_94' title='bbox 308 1689 421 1751; x_wconf 79' lang='lat' dir='ltr'>caedem</span> <span class='ocrx_word' id='word_1_95' title='bbox 446 1709 585 1774; x_wconf 87' lang='lat' dir='ltr'>paratos,</span> <span class='ocrx_word' id='word_1_96' title='bbox 609 1714 677 1753; x_wconf 84' lang='lat' dir='ltr'>cunt</span> <span class='ocrx_word' id='word_1_97' title='bbox 700 1692 749 1752; x_wconf 82' lang='lat' dir='ltr'>illa</span> <span class='ocrx_word' id='word_1_98' title='bbox 771 1707 821 1757; x_wconf 74' lang='lat' dir='ltr'>tua</span> 
     </span>
     <span class='ocr_line' id='line_1_18' title="bbox 136 1773 824 1854; baseline 0.001 -22"><span class='ocrx_word' id='word_1_99' title='bbox 136 1773 398 1836; x_wconf 82' lang='lat' dir='ltr'>consceleratorum</span> <span class='ocrx_word' id='word_1_100' title='bbox 412 1793 447 1833; x_wconf 87' lang='lat' dir='ltr'>ac</span> <span class='ocrx_word' id='word_1_101' title='bbox 461 1774 642 1854; x_wconf 85' lang='lat' dir='ltr'>perditorum</span> <span class='ocrx_word' id='word_1_102' title='bbox 655 1794 744 1833; x_wconf 86' lang='lat' dir='ltr'>manu</span> <span class='ocrx_word' id='word_1_103' title='bbox 754 1816 763 1844; x_wconf 89' lang='lat'><strong>‚</strong></span> <span class='ocrx_word' id='word_1_104' title='bbox 775 1794 824 1833; x_wconf 80' lang='lat' dir='ltr'>ar·</span> 
     </span>
     <span class='ocr_line' id='line_1_19' title="bbox 136 1851 823 1933; baseline 0 -21"><span class='ocrx_word' id='word_1_105' title='bbox 136 1872 227 1915; x_wconf 87' lang='lat' dir='ltr'>natos</span> <span class='ocrx_word' id='word_1_106' title='bbox 241 1858 272 1914; x_wconf 89' lang='lat' dir='ltr'>in</span> <span class='ocrx_word' id='word_1_107' title='bbox 289 1851 469 1933; x_wconf 84' lang='lat' dir='ltr'>Capitolium</span> <span class='ocrx_word' id='word_1_108' title='bbox 489 1871 587 1916; x_wconf 86' lang='lat' dir='ltr'>tecum</span> <span class='ocrx_word' id='word_1_109' title='bbox 605 1851 714 1915; x_wconf 79' lang='lat' dir='ltr'>veniss&#39;e</span> <span class='ocrx_word' id='word_1_110' title='bbox 735 1873 823 1913; x_wconf 81' lang='lat' dir='ltr'>cons-</span> 
     </span>
     <span class='ocr_line' id='line_1_20' title="bbox 137 1932 822 2016; baseline 0.001 -24"><span class='ocrx_word' id='word_1_111' title='bbox 137 1936 235 1994; x_wconf 83' lang='lat' dir='ltr'>tabat:</span> <span class='ocrx_word' id='word_1_112' title='bbox 253 1935 335 2016; x_wconf 89' lang='lat' dir='ltr'>quod</span> <span class='ocrx_word' id='word_1_113' title='bbox 355 1954 445 2014; x_wconf 89' lang='lat' dir='ltr'>quum</span> <span class='ocrx_word' id='word_1_114' title='bbox 461 1935 532 1994; x_wconf 83' lang='lat' dir='ltr'>milti</span> <span class='ocrx_word' id='word_1_115' title='bbox 550 1937 728 1994; x_wconf 83' lang='lat' dir='ltr'>nuntiaretur</span> <span class='ocrx_word' id='word_1_116' title='bbox 740 1978 749 2005; x_wconf 93' lang='lat'>‚</span> <span class='ocrx_word' id='word_1_117' title='bbox 761 1932 822 1993; x_wconf 88' lang='lat' dir='ltr'>scio</span> 
     </span>
     <span class='ocr_line' id='line_1_21' title="bbox 137 2012 825 2093; baseline 0.001 -21"><span class='ocrx_word' id='word_1_118' title='bbox 137 2035 187 2075; x_wconf 85' lang='lat' dir='ltr'>me</span> <span class='ocrx_word' id='word_1_119' title='bbox 208 2016 290 2075; x_wconf 85' lang='lat' dir='ltr'>domi</span> <span class='ocrx_word' id='word_1_120' title='bbox 309 2013 466 2087; x_wconf 74' lang='lat' dir='ltr'>mansisse,</span> <span class='ocrx_word' id='word_1_121' title='bbox 489 2015 521 2075; x_wconf 72' lang='grc' dir='ltr'>ὅ(</span> <span class='ocrx_word' id='word_1_122' title='bbox 543 2015 624 2086; x_wconf 91' lang='lat' dir='ltr'>tibi,</span> <span class='ocrx_word' id='word_1_123' title='bbox 650 2013 685 2073; x_wconf 88' lang='lat'>&amp;</span> <span class='ocrx_word' id='word_1_124' title='bbox 712 2012 825 2093; x_wconf 85' lang='lat' dir='ltr'>gladia·</span> 
     </span>
     <span class='ocr_line' id='line_1_22' title="bbox 137 2091 821 2174; baseline 0.003 -21"><span class='ocrx_word' id='word_1_125' title='bbox 137 2095 248 2156; x_wconf 72' lang='lat' dir='ltr'>toribus</span> <span class='ocrx_word' id='word_1_126' title='bbox 264 2098 315 2156; x_wconf 85' lang='lat' dir='ltr'>tuis</span> <span class='ocrx_word' id='word_1_127' title='bbox 333 2093 524 2156; x_wconf 69' lang='lat' dir='ltr'>instauranda</span> <span class='ocrx_word' id='word_1_128' title='bbox 544 2093 629 2154; x_wconf 78' lang='lat' dir='ltr'>caedis</span> <span class='ocrx_word' id='word_1_129' title='bbox 646 2091 821 2174; x_wconf 84' lang='lat' dir='ltr'>potestatem</span> 
     </span>
     <span class='ocr_line' id='line_1_23' title="bbox 134 2173 822 2258; baseline -0.004 -19"><span class='ocrx_word' id='word_1_130' title='bbox 134 2197 193 2241; x_wconf 84' lang='lat' dir='ltr'>non</span> <span class='ocrx_word' id='word_1_131' title='bbox 212 2175 333 2238; x_wconf 84' lang='lat' dir='ltr'>feciile:</span> <span class='ocrx_word' id='word_1_132' title='bbox 353 2174 462 2258; x_wconf 85' lang='lat' dir='ltr'>postea·</span> <span class='ocrx_word' id='word_1_133' title='bbox 473 2173 561 2257; x_wconf 73' lang='lat' dir='ltr'>quim</span> <span class='ocrx_word' id='word_1_134' title='bbox 575 2174 644 2235; x_wconf 89' lang='lat' dir='ltr'>mihi</span> <span class='ocrx_word' id='word_1_135' title='bbox 660 2177 822 2236; x_wconf 82' lang='lat' dir='ltr'>nuntiatum</span> 
     </span>
     <span class='ocr_line' id='line_1_24' title="bbox 136 2253 819 2340; baseline -0.001 -23"><span class='ocrx_word' id='word_1_136' title='bbox 136 2256 195 2330; x_wconf 82' lang='lat' dir='ltr'>est,</span> <span class='ocrx_word' id='word_1_137' title='bbox 214 2258 363 2340; x_wconf 87' lang='lat' dir='ltr'>populum</span> <span class='ocrx_word' id='word_1_138' title='bbox 383 2256 551 2318; x_wconf 87' lang='lat' dir='ltr'>Romanum</span> <span class='ocrx_word' id='word_1_139' title='bbox 566 2259 596 2317; x_wconf 91' lang='lat' dir='ltr'>in</span> <span class='ocrx_word' id='word_1_140' title='bbox 616 2253 819 2337; x_wconf 88' lang='lat' dir='ltr'>Capitolium,</span> 
     </span>
     <span class='ocr_line' id='line_1_25' title="bbox 137 2338 822 2421; baseline 0.004 -25"><span class='ocrx_word' id='word_1_141' title='bbox 137 2358 252 2421; x_wconf 85' lang='lat' dir='ltr'>propter</span> <span class='ocrx_word' id='word_1_142' title='bbox 266 2355 384 2400; x_wconf 86' lang='lat' dir='ltr'>metum</span> <span class='ocrx_word' id='word_1_143' title='bbox 397 2355 483 2419; x_wconf 85' lang='lat' dir='ltr'>atque</span> <span class='ocrx_word' id='word_1_144' title='bbox 497 2340 626 2418; x_wconf 88' lang='lat' dir='ltr'>inopiam</span> <span class='ocrx_word' id='word_1_145' title='bbox 637 2341 679 2398; x_wconf 91' lang='lat' dir='ltr'>rei</span> <span class='ocrx_word' id='word_1_146' title='bbox 693 2338 822 2399; x_wconf 87' lang='lat' dir='ltr'>frumen·</span> 
     </span>
     <span class='ocr_line' id='line_1_26' title="bbox 135 2415 822 2495; baseline -0.004 -16"><span class='ocrx_word' id='word_1_147' title='bbox 135 2424 225 2495; x_wconf 79' lang='lat' dir='ltr'>tanae,</span> <span class='ocrx_word' id='word_1_148' title='bbox 242 2415 437 2491; x_wconf 80' lang='lat' dir='ltr'>convenille3</span> <span class='ocrx_word' id='word_1_149' title='bbox 456 2418 597 2480; x_wconf 88' lang='lat' dir='ltr'>ministros</span> <span class='ocrx_word' id='word_1_150' title='bbox 616 2436 712 2479; x_wconf 89' lang='lat' dir='ltr'>autem</span> <span class='ocrx_word' id='word_1_151' title='bbox 727 2418 822 2478; x_wconf 89' lang='lat' dir='ltr'>scele-</span> 
     </span>
     <span class='ocr_line' id='line_1_27' title="bbox 133 2499 822 2580; baseline -0.004 -22"><span class='ocrx_word' id='word_1_152' title='bbox 133 2521 190 2560; x_wconf 87' lang='lat' dir='ltr'>rum</span> <span class='ocrx_word' id='word_1_153' title='bbox 215 2519 342 2562; x_wconf 82' lang='lat' dir='ltr'>tuorum</span> <span class='ocrx_word' id='word_1_154' title='bbox 365 2502 558 2580; x_wconf 87' lang='lat' dir='ltr'>perterritos,</span> <span class='ocrx_word' id='word_1_155' title='bbox 581 2503 685 2579; x_wconf 87' lang='lat' dir='ltr'>partim</span> <span class='ocrx_word' id='word_1_156' title='bbox 710 2499 822 2557; x_wconf 87' lang='lat' dir='ltr'>arnissis</span> 
     </span>
     <span class='ocr_line' id='line_1_28' title="bbox 129 2577 822 2662; baseline 0.001 -22"><span class='ocrx_word' id='word_1_157' title='bbox 129 2581 252 2662; x_wconf 80' lang='lat' dir='ltr'>gladiis,</span> <span class='ocrx_word' id='word_1_158' title='bbox 276 2582 386 2662; x_wconf 86' lang='lat' dir='ltr'>partim</span> <span class='ocrx_word' id='word_1_159' title='bbox 408 2583 538 2660; x_wconf 86' lang='lat' dir='ltr'>ereptis,</span> <span class='ocrx_word' id='word_1_160' title='bbox 560 2577 699 2661; x_wconf 83' lang='lat' dir='ltr'>diffugille</span> <span class='ocrx_word' id='word_1_161' title='bbox 718 2597 729 2650; x_wconf 90' lang='lat'>;</span> <span class='ocrx_word' id='word_1_162' title='bbox 751 2579 822 2641; x_wconf 78' lang='lat' dir='ltr'>veni</span> 
     </span>
     <span class='ocr_line' id='line_1_29' title="bbox 129 2660 820 2741; baseline -0.001 -20"><span class='ocrx_word' id='word_1_163' title='bbox 129 2677 184 2722; x_wconf 84' lang='lat' dir='ltr'>non</span> <span class='ocrx_word' id='word_1_164' title='bbox 202 2661 304 2723; x_wconf 78' lang='lat' dir='ltr'>sollum</span> <span class='ocrx_word' id='word_1_165' title='bbox 318 2661 382 2721; x_wconf 90' lang='lat' dir='ltr'>sine</span> <span class='ocrx_word' id='word_1_166' title='bbox 395 2660 460 2720; x_wconf 89' lang='lat' dir='ltr'>ullis</span> <span class='ocrx_word' id='word_1_167' title='bbox 478 2662 570 2741; x_wconf 93' lang='lat' dir='ltr'>copiis</span> <span class='ocrx_word' id='word_1_168' title='bbox 580 2705 590 2733; x_wconf 95' lang='lat'>,</span> <span class='ocrx_word' id='word_1_169' title='bbox 602 2681 635 2719; x_wconf 90' lang='lat' dir='ltr'>ac</span> <span class='ocrx_word' id='word_1_170' title='bbox 647 2678 737 2718; x_wconf 81' lang='lat' dir='ltr'>manu</span> <span class='ocrx_word' id='word_1_171' title='bbox 746 2701 756 2731; x_wconf 94' lang='lat'>‚</span> <span class='ocrx_word' id='word_1_172' title='bbox 765 2677 820 2720; x_wconf 86' lang='lat' dir='ltr'>ve·</span> 
     </span>
     <span class='ocr_line' id='line_1_30' title="bbox 130 2741 639 2822; baseline -0.014 -18"><span class='ocrx_word' id='word_1_173' title='bbox 130 2745 188 2804; x_wconf 81' lang='lat' dir='ltr'>nm</span> <span class='ocrx_word' id='word_1_174' title='bbox 210 2746 307 2804; x_wconf 86' lang='lat' dir='ltr'>etiam</span> <span class='ocrx_word' id='word_1_175' title='bbox 327 2761 395 2801; x_wconf 87' lang='lat' dir='ltr'>cum</span> <span class='ocrx_word' id='word_1_176' title='bbox 414 2744 512 2822; x_wconf 86' lang='lat' dir='ltr'>paucis</span> <span class='ocrx_word' id='word_1_177' title='bbox 529 2741 639 2799; x_wconf 87' lang='lat' dir='ltr'>amicis.</span> 
     </span>
    </p>

    <p class='ocr_par' dir='ltr' id='par_1_4' title="bbox 85 2817 820 2911">
     <span class='ocr_line' id='line_1_31' title="bbox 85 2817 820 2911; baseline -0.007 -25"><span class='ocrx_word' id='word_1_178' title='bbox 85 2842 88 2911; x_wconf 62' lang='lat' dir='ltr'><strong><em>g</em></strong></span> <span class='ocrx_word' id='word_1_179' title='bbox 163 2845 195 2901; x_wconf 91' lang='lat'>7.</span> <span class='ocrx_word' id='word_1_180' title='bbox 213 2825 270 2886; x_wconf 85' lang='lat' dir='ltr'>An</span> <span class='ocrx_word' id='word_1_181' title='bbox 286 2842 370 2905; x_wconf 87' lang='lat' dir='ltr'>ego,</span> <span class='ocrx_word' id='word_1_182' title='bbox 388 2841 479 2903; x_wconf 89' lang='lat' dir='ltr'>quum</span> <span class='ocrx_word' id='word_1_183' title='bbox 497 2818 531 2878; x_wconf 83' lang='lat' dir='ltr'>P.</span> <span class='ocrx_word' id='word_1_184' title='bbox 548 2817 687 2879; x_wconf 87' lang='lat' dir='ltr'>Lentulus</span> <span class='ocrx_word' id='word_1_185' title='bbox 701 2819 820 2894; x_wconf 90' lang='lat' dir='ltr'>consul‚&#39;</span> 
     </span>
    </p>
   </div>
   <div class='ocr_carea' id='block_1_3' title="bbox 85 2898 820 3062">
    <p class='ocr_par' dir='ltr' id='par_1_5' title="bbox 85 2898 820 3062">
     <span class='ocr_line' id='line_1_32' title="bbox 85 2898 820 3042; baseline -0.005 -74"><span class='ocrx_word' id='word_1_186' title='bbox 85 2956 87 2961; x_wconf 94' lang='lat'><em>.</em></span> <span class='ocrx_word' id='word_1_187' title='bbox 129 2907 242 2989; x_wconf 73' lang='lat' dir='ltr'>optime</span> <span class='ocrx_word' id='word_1_188' title='bbox 257 2905 300 2967; x_wconf 88' lang='lat' dir='ltr'>de</span> <span class='ocrx_word' id='word_1_189' title='bbox 318 2922 392 2977; x_wconf 85' lang='lat' dir='ltr'>me,</span> <span class='ocrx_word' id='word_1_190' title='bbox 410 2923 443 2963; x_wconf 89' lang='lat' dir='ltr'>ac</span> <span class='ocrx_word' id='word_1_191' title='bbox 463 2898 500 2962; x_wconf 89' lang='lat' dir='ltr'>de</span> <span class='ocrx_word' id='word_1_192' title='bbox 517 2900 797 3042; x_wconf 24' lang='lat' dir='ltr'>republigomeritus</span> <span class='ocrx_word' id='word_1_193' title='bbox 806 2943 820 2974; x_wconf 82' lang='lat'><strong><em>,</em></strong></span> 
     </span>
     <span class='ocr_line' id='line_1_33' title="bbox 674 3002 694 3062; baseline 0 0"><span class='ocrx_word' id='word_1_194' title='bbox 674 3002 694 3062; x_wconf 84' lang='grc' dir='ltr'>ι1</span> 
     </span>
    </p>
   </div>
   <div class='ocr_carea' id='block_1_4' title="bbox 0 0 1064 3942">
    <p class='ocr_par' dir='ltr' id='par_1_6' title="bbox 0 0 1064 3942">
     <span class='ocr_line' id='line_1_34' title="bbox 0 0 1064 3942; baseline 0 1"><span class='ocrx_word' id='word_1_195' title='bbox 0 0 1064 3942; x_wconf 95' lang='lat' dir='ltr'> </span> 
     </span>
    </p>
   </div>
  </div>
 </body>
</html>
