2117 3942
272 391 377 461 Pno
404 390 667 462 lin-ccmo.
734 390 813 488 '387

128 503 173 569 Μ.
192 499 293 566 Coelio
302 525 312 578 ;
325 520 413 587 quem
430 506 464 569 &
483 504 631 570 absentem
647 510 677 569 in
694 508 815 590 amplia·

128 589 235 655 simum
258 586 393 648 ordinem
414 604 614 669 cooptarunt,
634 589 666 650 δι
690 609 725 650 ea
750 610 814 650 non

127 666 241 751 petenti
257 666 443 740 detulerant,
460 688 523 748 qua
539 666 636 729 multis
648 671 816 749 petentibus

128 747 326 828 denegarunt:
338 750 485 830 iidemque
499 768 576 807 nunc
588 747 756 828 ledissimos
768 752 817 812 vi·

128 848 198 902 tos,
214 828 249 887 δι
270 827 359 889 nostri
376 828 504 900 ordinis,
521 828 554 888 &
571 831 680 917 equites
697 828 815 891 Roma-

128 928 185 973 nos
206 926 275 969 cum
294 909 442 1003 legatione
465 908 503 969 ad
523 907 581 969 hoc
602 909 761 987 judicium,
782 911 818 973 dc

130 1008 198 1057 cnm
218 992 387 1071 gravissima
405 1009 492 1070 atque
515 991 695 1051 ornatissima
716 989 819 1051 laud'a-

130 1072 213 1137 rione
234 1066 380 1133 miserunt.
406 1070 522 1134 Videor
545 1070 614 1131 mihi
633 1067 729 1149 jeciile
750 1069 820 1131 fun·

131 1149 269 1213 &menta
284 1149 461 1212 defensionis
475 1169 550 1211 mea
560 1170 569 1223 ;
581 1171 645 1231 qua
657 1148 820 1213 firmissima

132 1228 217 1304 sunt,
233 1231 257 1291 si
276 1232 402 1293 nituntur
423 1229 533 1310 judicio
557 1229 700 1293 suorum:
722 1250 820 1312 neque

133 1313 213 1375 eninr
231 1310 319 1371 vobis
338 1309 404 1373 satis
425 1311 631 1373 commendata
650 1309 734 1389 hujus
752 1329 822 1372 atae

134 1389 191 1455 effe
205 1389 322 1471 posset,
338 1395 361 1452 si
377 1412 438 1452 non
454 1392 547 1453 modi>
564 1396 698 1473 parenti,
712 1391 761 1451 tali
775 1393 822 1452 vi·

134 1493 188 1546 ro,
201 1474 307 1533 verum
323 1475 412 1533 eriam
428 1475 585 1556 municipio
601 1491 662 1534 tam
676 1472 773 1534 illustri
787 1491 823 1534 ae

135 1569 195 1617 tarn
209 1554 293 1693 {ravi
312 1551 483 1632 displiceret.

174 1631 209 1695 ll
231 1674 240 1694 .
261 1631 427 1713 Equidem,
443 1650 475 1693 ut
491 1633 529 1693 ad
548 1652 596 1694 me
616 1649 766 1705 revertar,
783 1631 823 1693 ab‘

137 1713 179 1778 luit
192 1712 323 1774 fontibus
339 1714 464 1795 profluxi
480 1712 517 1772 ad
532 1714 684 1774 hominum
697 1713 824 1786 famam

139 1794 172 1857 &
186 1813 272 1855 meus
286 1793 333 1853 hic
351 1793 472 1855 forensis
487 1793 591 1866 labor,
604 1795 730 1873 vitaque
748 1794 824 1853 ratio

139 1873 298 1939 dimanavit
332 1875 369 1937 ad
402 1872 642 1935 existimationem
671 1873 825 1935 hominum

140 1954 227 2036 pauli>
256 1953 339 2014 latiirs
369 1954 625 2015 commendatione
652 1973 686 2011 ac
714 1950 826 2030 judicie

140 2032 416 2107 meorum'Nam,
443 2034 525 2115 quod
548 2031 696 2112 objeclum
720 2030 761 2093 est
784 2033 825 2094 de

124 2143 126 2147 ·
141 2115 279 2197 pudicitia
294 2157 303 2186 ,
318 2114 458 2254 ffirodque
474 2116 607 2177 omnium
627 2110 826 2176 accusatorum

142 2216 203 2259 non
222 2197 333 2257 crimini
356 2216 408 2269 us,
426 2195 477 2258 sed
501 2195 624 2256 vocibus
652 2193 827 2257 maledicus-

144 2297 199 2359 que
223 2275 405 2337 celebratum
428 2274 498 2349 est,
524 2276 555 2338 id
581 2296 738 2358 numquam
763 2293 827 2337 tam

144 2356 248 2421 acerbe
265 2353 341 2417 feret
358 2355 403 2417 M.
419 2354 547 2431 Coelius,
561 2374 593 2419 ut
605 2378 673 2419 eum
685 2358 827 2437 poeniteat¹

145 2457 214 2501 non·
227 2435 392 2509 deformem
411 2433 468 2496 elle
489 2453 610 2497 natum:
632 2436 695 2497 sunt
716 2437 827 2496 etenim

147 2516 195 2579 ista
212 2515 366 2579 maledicla
383 2515 486 2596 pervul
508 2532 554 2576 ata
568 2521 598 2577 in
610 2535 733 2587 omnes,
751 2524 829 2594 quoi

148 2618 211 2661 mm
228 2599 259 2659 in
275 2594 470 2660 adolescentia
520 2616 581 2655 rma
599 2596 631 2655 &
646 2595 754 2673 species
772 2592 831 2659 fuit

148 2677 282 2743 liberalis.
300 2676 360 2738 Sed
377 2676 454 2737 aliud
471 2673 511 2735 est
529 2674 701 2735 maledicere
720 2717 729 2747 ,
748 2673 827 2738 aliud

149 2757 294 2823 accusare:
310 2756 452 2819 accusatio
465 2758 574 2816 crimen
590 2754 733 2815 desiderat
743 2800 753 2828 ,
763 2775 834 2820 rem

151 2855 180 2903 ut
196 2836 335 2912 definiat,
351 2839 501 2901 hominem
511 2853 543 2897 ut
554 2852 656 2912 notet,
675 2858 705 2896 ar
725 2858 830 2899 umen·

85 2944 88 2957 ·
152 2937 182 2984 to
205 2919 341 3004 -ptobet,
364 2917 436 3007 teste
462 2916 614 2985 confirmet
631 2857 834 3060 :Rmdedielio

680 3020 702 3079 ¹1
