2117 3942
256 373 335 472 316
375 414 378 421 ·
471 373 691 442 OaArro

257 487 377 551 vissimis
391 484 479 558 viris,
497 489 668 560 neminem,
684 485 752 566 quin
768 497 943 548 removeret

256 568 378 639 oculos,
395 567 426 626 ὃ(
443 565 471 626 se
490 583 585 626 totum
600 581 766 637 averteret,
786 585 824 625 ne
842 563 941 641 forte,

277 647 337 707 uod
362 646 409 706 ille
436 648 465 704 in
492 647 602 707 tabulas
626 646 753 727 publicas
778 644 942 720 retulisset,

253 670 395 788 dubitasse
415 725 587 805 quisquam,
612 746 753 786 verumne
777 745 815 784 an
840 724 942 786 falsum

257 806 346 880 esser,
360 805 516 867 videretur.
536 805 600 867 Nos
617 804 675 866 Cn.
688 806 821 885 Pompeii
839 806 944 867 decre·

256 906 340 960 tum,
358 884 516 966 judicium,
535 887 572 947 de
591 886 702 947 consilii
716 886 858 947 sententia
873 906 944 966 pro·

219 980 222 985 ’
258 970 420 1036 nuntiatum
445 965 711 1048 recognoscemus?
739 986 807 1024 cum
830 965 943 1047 legibus

256 1045 467 1109 conferemus?
489 1067 556 1106 curn
573 1047 729 1106 foederibus
745 1047 846 1106 omniu
859 1064 944 1107 acer·

258 1128 374 1190 bissimd
394 1126 542 1207 diligenti&
559 1126 820 1208 perpendemus?
891 1168 895 1172 -

261 1248 265 1253 -
306 1227 352 1267 12.
374 1206 497 1266 Athenis
514 1209 613 1281 aiunt,
630 1227 720 1287 quum
731 1206 850 1288 quidam
866 1205 944 1287 apud

259 1299 337 1360 eos,
359 1287 408 1366 qui
430 1285 522 1346 sansle
545 1289 671 1369 graviter
711 1307 728 1347 e
752 1283 889 1360 vixisset,
912 1287 944 1346 &

260 1367 458 1430 testimonium
470 1366 588 1505 gublice
609 1368 664 1427 dixi
688 1382 736 1440 et,
753 1366 787 1426 &
805 1364 864 1447 (ut
879 1385 945 1426 mos

259 1447 434 1510 Graecorum
452 1465 478 1525 e.
504 1444 645 1528 >jurandi
661 1447 745 1508 caus?
761 1445 799 1507 ad
816 1467 879 1507 aras
892 1467 948 1506 vac·

263 1527 382 1588 cederet
397 1570 407 1599 ,
425 1526 572 1589 univoce
589 1548 692 1588 omnes
707 1525 845 1606 judices,
865 1545 905 1588 ne
923 1527 947 1585 is

261 1606 395 1688 juraret,
417 1606 592 1668 reclamasse.
612 1606 713 1686 Quum
734 1604 831 1667 Graeci
850 1605 948 1667 homi·

266 1709 319 1749 nes
328 1718 342 1759 ·,
363 1685 481 1766 speslati
500 1691 555 1750 viri
573 1688 719 1748 noluerint
738 1687 881 1769 religione
897 1688 949 1749 vi·

263 1769 331 1829 deri
350 1769 445 1846 potiirs
465 1812 475 1841 ,
499 1768 587 1849 quim
608 1769 755 1841 veritate,
773 1765 868 1851 ‘fidem
890 1763 948 1828 effe

266 1845 446 1910 constridlam
459 1868 469 1920 ;
480 1868 535 1908 nos
548 1851 634 1909 etiam
647 1851 676 1907 in
690 1847 750 1928 ipsa
761 1847 901 1930 religione
915 1847 948 1907 δι

267 1932 366 2011 legum
391 1929 422 1987 ὃ(
448 1926 592 1990 foederum
614 1927 835 2000 conservandi,
858 1928 949 2010 qualis

264 2010 355 2071 suerit
373 2006 430 2068 Cn.
445 2007 621 2089 Pompeius,
641 2006 859 2068 dubitabimus?
898 2047 901 2052 -

314 2106 360 2166 13.
381 2088 489 2148 Utrum
505 2093 582 2150 enim
598 2087 767 2155 inscientem
779 2087 867 2151 vultis
881 2107 948 2149 eon·

269 2183 314 2225 tra
331 2168 441 2228 foedera
457 2168 571 2242 fecisse,
587 2190 623 2227 an
640 2167 801 2230 scientem?
820 2170 845 2228 si
860 2167 947 2228 scien·

272 2246 359 2305 tem?
383 2247 401 2305 ὃ
423 2269 532 2308 nornen
551 2246 640 2308 nostri
656 2244 771 2328 imperii
786 2247 829 2308 ld
849 2247 946 2330 populi

272 2324 400 2386 Romani
421 2329 564 2388 excellens
583 2329 702 2409 dignitas
719 2330 730 2387 ⁴!
749 2326 840 2390 an.
861 2329 945 2388 Pom·

272 2408 332 2488 peii
344 2411 383 2464 sic
395 2406 451 2466 late
467 2407 612 2489 longdque
627 2407 723 2467 diffusa
739 2408 821 2482 laus,
840 2425 873 2468 ut
889 2405 943 2486 ejus

295 2488 374 2547 loriae
391 2486 567 2549 domicilium
584 2490 744 2549 communis
760 2491 798 2548 im
822 2490 874 2548 erii
887 2486 943 2548 fini·

270 2509 329 2629 ius
349 2569 517 2629 terminetur
532 2570 540 2628 l
555 2569 574 2628 ὃ
592 2571 746 2641 nationes,
765 2511 874 2642 uries,
892 2588 942 2648 po·

274 2648 359 2728 puli,
382 2668 487 2730 reges,
509 2649 680 2722 tetrarchae,
702 2649 842 2728 tyranni,
865 2645 942 2707 telles
982 2706 987 2717 ι

276 2726 335 2787 Cn.
349 2727 481 2808 Pompeii
496 2751 554 2789 non
570 2729 660 2788 solirm
677 2730 788 2789 virtutis
804 2727 941 2797 inbono,
982 2722 987 2807 l

274 2807 324 2865 sed
340 2811 426 2867 etiam
443 2809 588 2891 religionis
601 2812 631 2868 in
647 2809 742 2890 pace!
758 2828 814 2868 vos
828 2807 942 2886 denique

268 2903 361 2947 mutae
379 2889 511 2970 regiones
524 2889 668 2971 imploro,
688 2887 796 2951 &sola
811 2901 940 2950 terrarum
