<?xml version="1.0" encoding="UTF-8"?>
<!DOCTYPE html PUBLIC "-//W3C//DTD XHTML 1.0 Transitional//EN"
    "http://www.w3.org/TR/xhtml1/DTD/xhtml1-transitional.dtd">
<html xmlns="http://www.w3.org/1999/xhtml" xml:lang="en" lang="en">
 <head>
  <title>
</title>
<meta http-equiv="Content-Type" content="text/html;charset=utf-8" />
  <meta name='ocr-system' content='tesseract 3.04.00' />
  <meta name='ocr-capabilities' content='ocr_page ocr_carea ocr_par ocr_line ocrx_word'/>
</head>
<body>
  <div class='ocr_page' id='page_1' title='image "./mtulliiciceroni06lallgoog_0438.png"; bbox 0 0 2117 3942; ppageno 0'>
   <div class='ocr_carea' id='block_1_1' title="bbox 316 382 858 479">
    <p class='ocr_par' dir='ltr' id='par_1_1' title="bbox 316 382 858 479">
     <span class='ocr_line' id='line_1_1' title="bbox 316 382 858 479; baseline 0.002 -31"><span class='ocrx_word' id='word_1_1' title='bbox 316 396 374 450; x_wconf 78' lang='lat' dir='ltr'>tu</span> <span class='ocrx_word' id='word_1_2' title='bbox 400 382 437 450; x_wconf 80' lang='lat' dir='ltr'>L.</span> <span class='ocrx_word' id='word_1_3' title='bbox 464 382 709 455; x_wconf 69' lang='lat' dir='ltr'>Pisonis.</span> <span class='ocrx_word' id='word_1_4' title='bbox 773 403 858 479; x_wconf 87' lang='lat'><strong>477.</strong></span> 
     </span>
    </p>
   </div>
   <div class='ocr_carea' id='block_1_2' title="bbox 170 493 858 1460">
    <p class='ocr_par' dir='ltr' id='par_1_2' title="bbox 170 493 857 1299">
     <span class='ocr_line' id='line_1_2' title="bbox 170 493 857 576; baseline 0.001 -17"><span class='ocrx_word' id='word_1_5' title='bbox 170 493 250 559; x_wconf 84' lang='lat' dir='ltr'>enim</span> <span class='ocrx_word' id='word_1_6' title='bbox 269 495 297 554; x_wconf 91' lang='lat' dir='ltr'>in</span> <span class='ocrx_word' id='word_1_7' title='bbox 319 493 554 576; x_wconf 84' lang='lat' dir='ltr'>disputationibus</span> <span class='ocrx_word' id='word_1_8' title='bbox 565 495 637 570; x_wconf 83' lang='lat' dir='ltr'>suis,</span> <span class='ocrx_word' id='word_1_9' title='bbox 656 499 807 560; x_wconf 87' lang='lat' dir='ltr'>oculorum</span> <span class='ocrx_word' id='word_1_10' title='bbox 820 501 857 560; x_wconf 82' lang='lat'>&amp;-</span> 
     </span>
     <span class='ocr_line' id='line_1_3' title="bbox 170 575 852 660; baseline 0.003 -23"><span class='ocrx_word' id='word_1_11' title='bbox 170 581 280 637; x_wconf 82' lang='lat' dir='ltr'>aurium</span> <span class='ocrx_word' id='word_1_12' title='bbox 299 575 482 637; x_wconf 71' lang='lat' dir='ltr'>deledarioni</span> <span class='ocrx_word' id='word_1_13' title='bbox 500 577 619 637; x_wconf 85' lang='lat' dir='ltr'>abdomi</span> <span class='ocrx_word' id='word_1_14' title='bbox 641 580 647 593; x_wconf 91' lang='grc'><strong>’</strong></span> <span class='ocrx_word' id='word_1_15' title='bbox 706 579 852 660; x_wconf 83' lang='lat' dir='ltr'>oluptates</span> 
     </span>
     <span class='ocr_line' id='line_1_4' title="bbox 170 598 855 737; baseline 0.001 -19"><span class='ocrx_word' id='word_1_16' title='bbox 170 655 336 718; x_wconf 81' lang='lat' dir='ltr'>anteferre:</span> <span class='ocrx_word' id='word_1_17' title='bbox 354 677 441 730; x_wconf 85' lang='lat' dir='ltr'>narn,</span> <span class='ocrx_word' id='word_1_18' title='bbox 459 657 539 737; x_wconf 86' lang='lat' dir='ltr'>qubd</span> <span class='ocrx_word' id='word_1_19' title='bbox 553 598 705 720; x_wconf 56' lang='grc' dir='ltr'>νοδίἒᾜζ</span> <span class='ocrx_word' id='word_1_20' title='bbox 728 676 855 719; x_wconf 83' lang='lat' dir='ltr'>tantum·</span> 
     </span>
     <span class='ocr_line' id='line_1_5' title="bbox 171 736 854 818; baseline 0.001 -20"><span class='ocrx_word' id='word_1_21' title='bbox 171 737 266 798; x_wconf 90' lang='lat' dir='ltr'>modo</span> <span class='ocrx_word' id='word_1_22' title='bbox 284 736 434 818; x_wconf 82' lang='lat' dir='ltr'>improbus</span> <span class='ocrx_word' id='word_1_23' title='bbox 454 780 464 808; x_wconf 89' lang='lat'>,</span> <span class='ocrx_word' id='word_1_24' title='bbox 484 737 606 796; x_wconf 88' lang='lat' dir='ltr'>crudelis</span> <span class='ocrx_word' id='word_1_25' title='bbox 626 739 695 797; x_wconf 87' lang='lat' dir='ltr'>olim</span> <span class='ocrx_word' id='word_1_26' title='bbox 714 737 854 799; x_wconf 80' lang='lat' dir='ltr'>furuncu-</span> 
     </span>
     <span class='ocr_line' id='line_1_6' title="bbox 170 816 857 898; baseline 0.001 -20"><span class='ocrx_word' id='word_1_27' title='bbox 170 818 236 892; x_wconf 70' lang='lat' dir='ltr'>lus,</span> <span class='ocrx_word' id='word_1_28' title='bbox 252 837 329 876; x_wconf 91' lang='lat' dir='ltr'>nunc</span> <span class='ocrx_word' id='word_1_29' title='bbox 345 817 417 877; x_wconf 86' lang='lat' dir='ltr'>verb</span> <span class='ocrx_word' id='word_1_30' title='bbox 437 816 525 875; x_wconf 88' lang='lat' dir='ltr'>etiam</span> <span class='ocrx_word' id='word_1_31' title='bbox 544 837 652 898; x_wconf 83' lang='lat' dir='ltr'>rapax,</span> <span class='ocrx_word' id='word_1_32' title='bbox 667 818 746 898; x_wconf 85' lang='lat' dir='ltr'>qubd</span> <span class='ocrx_word' id='word_1_33' title='bbox 763 817 857 879; x_wconf 87' lang='lat' dir='ltr'>sordi·</span> 
     </span>
     <span class='ocr_line' id='line_1_7' title="bbox 171 895 855 977; baseline 0.001 -19"><span class='ocrx_word' id='word_1_34' title='bbox 171 898 225 958; x_wconf 89' lang='lat' dir='ltr'>dus</span> <span class='ocrx_word' id='word_1_35' title='bbox 248 940 258 969; x_wconf 92' lang='lat'>‚</span> <span class='ocrx_word' id='word_1_36' title='bbox 284 895 364 976; x_wconf 85' lang='lat' dir='ltr'>qubd</span> <span class='ocrx_word' id='word_1_37' title='bbox 386 913 568 969; x_wconf 85' lang='lat' dir='ltr'>contumax,</span> <span class='ocrx_word' id='word_1_38' title='bbox 593 897 672 977; x_wconf 84' lang='lat' dir='ltr'>qubd</span> <span class='ocrx_word' id='word_1_39' title='bbox 691 896 855 977; x_wconf 79' lang='lat' dir='ltr'>superbus,</span> 
     </span>
     <span class='ocr_line' id='line_1_8' title="bbox 170 975 852 1060; baseline -0.003 -22"><span class='ocrx_word' id='word_1_40' title='bbox 170 977 254 1060; x_wconf 84' lang='lat' dir='ltr'>qubd</span> <span class='ocrx_word' id='word_1_41' title='bbox 272 975 378 1047; x_wconf 83' lang='lat' dir='ltr'>fallax,</span> <span class='ocrx_word' id='word_1_42' title='bbox 397 975 476 1057; x_wconf 87' lang='lat' dir='ltr'>qubd</span> <span class='ocrx_word' id='word_1_43' title='bbox 495 975 684 1057; x_wconf 84' lang='lat' dir='ltr'>perfidiosus,</span> <span class='ocrx_word' id='word_1_44' title='bbox 699 979 779 1057; x_wconf 82' lang='lat' dir='ltr'>qubd</span> <span class='ocrx_word' id='word_1_45' title='bbox 795 981 852 1037; x_wconf 87' lang='lat' dir='ltr'>im·</span> 
     </span>
     <span class='ocr_line' id='line_1_9' title="bbox 171 1055 853 1140; baseline -0.001 -22"><span class='ocrx_word' id='word_1_46' title='bbox 171 1057 306 1140; x_wconf 85' lang='lat' dir='ltr'>pudens,</span> <span class='ocrx_word' id='word_1_47' title='bbox 346 1056 405 1117; x_wconf 86' lang='lat' dir='ltr'>ubd</span> <span class='ocrx_word' id='word_1_48' title='bbox 423 1057 516 1117; x_wconf 84' lang='lat' dir='ltr'>audax</span> <span class='ocrx_word' id='word_1_49' title='bbox 536 1055 591 1117; x_wconf 81' lang='lat' dir='ltr'>elle</span> <span class='ocrx_word' id='word_1_50' title='bbox 606 1057 737 1117; x_wconf 82' lang='lat' dir='ltr'>videatur</span> <span class='ocrx_word' id='word_1_51' title='bbox 752 1078 762 1130; x_wconf 90' lang='lat'>;</span> <span class='ocrx_word' id='word_1_52' title='bbox 783 1057 853 1118; x_wconf 86' lang='lat' dir='ltr'>nihil</span> 
     </span>
     <span class='ocr_line' id='line_1_10' title="bbox 170 1137 856 1215; baseline -0.003 -16"><span class='ocrx_word' id='word_1_53' title='bbox 170 1137 275 1199; x_wconf 80' lang='lat' dir='ltr'>scitote</span> <span class='ocrx_word' id='word_1_54' title='bbox 336 1157 353 1197; x_wconf 89' lang='lat' dir='ltr'>e</span> <span class='ocrx_word' id='word_1_55' title='bbox 371 1138 564 1212; x_wconf 81' lang='lat' dir='ltr'>luxuriosius,</span> <span class='ocrx_word' id='word_1_56' title='bbox 585 1138 654 1197; x_wconf 87' lang='lat' dir='ltr'>nihil</span> <span class='ocrx_word' id='word_1_57' title='bbox 666 1137 856 1215; x_wconf 81' lang='lat' dir='ltr'>libidinosius,</span> 
     </span>
     <span class='ocr_line' id='line_1_11' title="bbox 171 1215 661 1299; baseline -0.004 -20"><span class='ocrx_word' id='word_1_58' title='bbox 171 1218 242 1280; x_wconf 88' lang='lat' dir='ltr'>nihil</span> <span class='ocrx_word' id='word_1_59' title='bbox 262 1215 422 1298; x_wconf 77' lang='lat' dir='ltr'>posterius,</span> <span class='ocrx_word' id='word_1_60' title='bbox 441 1217 511 1277; x_wconf 85' lang='lat' dir='ltr'>nihil</span> <span class='ocrx_word' id='word_1_61' title='bbox 529 1221 661 1299; x_wconf 85' lang='lat' dir='ltr'>nequius.</span> 
     </span>
    </p>

    <p class='ocr_par' dir='ltr' id='par_1_3' title="bbox 174 1296 858 1460">
     <span class='ocr_line' id='line_1_12' title="bbox 176 1296 858 1374; baseline 0.001 -14"><span class='ocrx_word' id='word_1_62' title='bbox 176 1342 181 1347; x_wconf 90' lang='lat'>-</span> <span class='ocrx_word' id='word_1_63' title='bbox 214 1299 267 1374; x_wconf 87' lang='lat'>67.</span> <span class='ocrx_word' id='word_1_64' title='bbox 290 1298 443 1359; x_wconf 83' lang='lat' dir='ltr'>Luxuriam</span> <span class='ocrx_word' id='word_1_65' title='bbox 457 1317 555 1358; x_wconf 85' lang='lat' dir='ltr'>aurem</span> <span class='ocrx_word' id='word_1_66' title='bbox 569 1301 597 1357; x_wconf 90' lang='lat' dir='ltr'>in</span> <span class='ocrx_word' id='word_1_67' title='bbox 611 1296 664 1359; x_wconf 85' lang='lat' dir='ltr'>isto</span> <span class='ocrx_word' id='word_1_68' title='bbox 679 1298 775 1358; x_wconf 83' lang='lat' dir='ltr'>nolite.</span> <span class='ocrx_word' id='word_1_69' title='bbox 781 1297 858 1361; x_wconf 77' lang='lat' dir='ltr'>hanc</span> 
     </span>
     <span class='ocr_line' id='line_1_13' title="bbox 174 1377 858 1460; baseline -0.004 -20"><span class='ocrx_word' id='word_1_70' title='bbox 174 1380 326 1460; x_wconf 78' lang='lat' dir='ltr'>cogitare:</span> <span class='ocrx_word' id='word_1_71' title='bbox 348 1377 389 1439; x_wconf 83' lang='lat' dir='ltr'>est</span> <span class='ocrx_word' id='word_1_72' title='bbox 411 1380 490 1441; x_wconf 79' lang='lat' dir='ltr'>enim</span> <span class='ocrx_word' id='word_1_73' title='bbox 505 1378 636 1459; x_wconf 71' lang='lat' dir='ltr'>quaedam</span> <span class='ocrx_word' id='word_1_74' title='bbox 652 1399 858 1460; x_wconf 59' lang='lat' dir='ltr'>„quamquam</span> 
     </span>
    </p>
   </div>
   <div class='ocr_carea' id='block_1_3' title="bbox 174 1456 966 1539">
    <p class='ocr_par' dir='ltr' id='par_1_4' title="bbox 174 1456 966 1539">
     <span class='ocr_line' id='line_1_14' title="bbox 174 1456 966 1539; baseline -0.004 -18"><span class='ocrx_word' id='word_1_75' title='bbox 174 1462 271 1521; x_wconf 88' lang='lat' dir='ltr'>omnis</span> <span class='ocrx_word' id='word_1_76' title='bbox 290 1456 330 1518; x_wconf 88' lang='lat' dir='ltr'>est</span> <span class='ocrx_word' id='word_1_77' title='bbox 345 1457 448 1519; x_wconf 82' lang='lat' dir='ltr'>vitiosa</span> <span class='ocrx_word' id='word_1_78' title='bbox 461 1476 548 1539; x_wconf 87' lang='lat' dir='ltr'>atque</span> <span class='ocrx_word' id='word_1_79' title='bbox 566 1476 656 1539; x_wconf 80' lang='lat' dir='ltr'>turpis</span> <span class='ocrx_word' id='word_1_80' title='bbox 666 1476 682 1530; x_wconf 81' lang='grc'>,·</span> <span class='ocrx_word' id='word_1_81' title='bbox 691 1476 789 1520; x_wconf 84' lang='lat' dir='ltr'>tamen</span> <span class='ocrx_word' id='word_1_82' title='bbox 811 1481 858 1518; x_wconf 77' lang='lat' dir='ltr'>rn-</span> <span class='ocrx_word' id='word_1_83' title='bbox 962 1495 966 1502; x_wconf 96' lang='lat'>-</span> 
     </span>
    </p>
   </div>
   <div class='ocr_carea' id='block_1_4' title="bbox 166 1538 864 2897">
    <p class='ocr_par' dir='ltr' id='par_1_5' title="bbox 166 1538 864 2897">
     <span class='ocr_line' id='line_1_15' title="bbox 194 1538 857 1620; baseline 0 -20"><span class='ocrx_word' id='word_1_84' title='bbox 194 1559 273 1600; x_wconf 88' lang='lat' dir='ltr'>enuo</span> <span class='ocrx_word' id='word_1_85' title='bbox 291 1560 324 1598; x_wconf 86' lang='lat' dir='ltr'>ac</span> <span class='ocrx_word' id='word_1_86' title='bbox 340 1539 433 1598; x_wconf 90' lang='lat' dir='ltr'>libero</span> <span class='ocrx_word' id='word_1_87' title='bbox 451 1539 575 1620; x_wconf 83' lang='lat' dir='ltr'>dignior.</span> <span class='ocrx_word' id='word_1_88' title='bbox 601 1538 680 1599; x_wconf 90' lang='lat' dir='ltr'>Nihil</span> <span class='ocrx_word' id='word_1_89' title='bbox 693 1539 770 1620; x_wconf 86' lang='lat' dir='ltr'>apud</span> <span class='ocrx_word' id='word_1_90' title='bbox 781 1539 857 1600; x_wconf 85' lang='lat' dir='ltr'>hunc</span> 
     </span>
     <span class='ocr_line' id='line_1_16' title="bbox 173 1559 858 1700; baseline 0.003 -21"><span class='ocrx_word' id='word_1_91' title='bbox 173 1559 314 1691; x_wconf 64' lang='lat' dir='ltr'>laturum,</span> <span class='ocrx_word' id='word_1_92' title='bbox 337 1618 405 1678; x_wconf 89' lang='lat' dir='ltr'>nihil</span> <span class='ocrx_word' id='word_1_93' title='bbox 426 1619 569 1699; x_wconf 76' lang='lat' dir='ltr'>elegans,</span> <span class='ocrx_word' id='word_1_94' title='bbox 593 1619 662 1679; x_wconf 83' lang='lat' dir='ltr'>nihil</span> <span class='ocrx_word' id='word_1_95' title='bbox 684 1622 858 1700; x_wconf 77' lang='lat' dir='ltr'>exquisitum</span> 
     </span>
     <span class='ocr_line' id='line_1_17' title="bbox 174 1697 859 1841; baseline -0.003 -80"><span class='ocrx_word' id='word_1_96' title='bbox 174 1698 331 1841; x_wconf 58' lang='lat' dir='ltr'>Slaudabo</span> <span class='ocrx_word' id='word_1_97' title='bbox 350 1697 521 1780; x_wconf 81' lang='lat' dir='ltr'>inimicum)</span> <span class='ocrx_word' id='word_1_98' title='bbox 542 1718 579 1758; x_wconf 89' lang='lat' dir='ltr'>ne</span> <span class='ocrx_word' id='word_1_99' title='bbox 594 1720 642 1758; x_wconf 86' lang='lat' dir='ltr'>ma</span> <span class='ocrx_word' id='word_1_100' title='bbox 663 1718 774 1780; x_wconf 82' lang='lat' dir='ltr'>nopere</span> <span class='ocrx_word' id='word_1_101' title='bbox 791 1701 859 1780; x_wconf 88' lang='lat' dir='ltr'>qui·</span> 
     </span>
     <span class='ocr_line' id='line_1_18' title="bbox 166 1719 859 1923; baseline -0.004 -1"><span class='ocrx_word' id='word_1_102' title='bbox 166 1719 859 1923; x_wconf 59' lang='lat' dir='ltr'>rullisuirntllbnttut:</span> 
     </span>
     <span class='ocr_line' id='line_1_19' title="bbox 176 1934 859 2015; baseline -0.006 -13"><span class='ocrx_word' id='word_1_103' title='bbox 176 1961 247 2015; x_wconf 86' lang='lat' dir='ltr'>ees,</span> <span class='ocrx_word' id='word_1_104' title='bbox 261 1940 299 1999; x_wconf 68' lang='grc' dir='ltr'>’δι</span> <span class='ocrx_word' id='word_1_105' title='bbox 314 1939 342 1998; x_wconf 94' lang='lat' dir='ltr'>hi</span> <span class='ocrx_word' id='word_1_106' title='bbox 354 1970 362 2012; x_wconf 91' lang='lat'>‚·</span> <span class='ocrx_word' id='word_1_107' title='bbox 380 1958 418 2001; x_wconf 84' lang='lat' dir='ltr'>ne</span> <span class='ocrx_word' id='word_1_108' title='bbox 429 1934 619 2000; x_wconf 78' lang='lat' dir='ltr'>contemnere</span> <span class='ocrx_word' id='word_1_109' title='bbox 632 1937 697 1998; x_wconf 73' lang='lat' dir='ltr'>siros</span> <span class='ocrx_word' id='word_1_110' title='bbox 709 1939 859 2013; x_wconf 85' lang='lat' dir='ltr'>videatur,</span> 
     </span>
     <span class='ocr_line' id='line_1_20' title="bbox 176 2016 860 2098; baseline -0.01 -14"><span class='ocrx_word' id='word_1_111' title='bbox 176 2021 336 2085; x_wconf 74' lang='lat' dir='ltr'>Placentini</span> <span class='ocrx_word' id='word_1_112' title='bbox 346 2038 359 2077; x_wconf 76' lang='grc' dir='ltr'>ι·</span> <span class='ocrx_word' id='word_1_113' title='bbox 371 2017 508 2081; x_wconf 75' lang='lat' dir='ltr'>exstruua</span> <span class='ocrx_word' id='word_1_114' title='bbox 523 2016 638 2090; x_wconf 80' lang='lat' dir='ltr'>mensa,</span> <span class='ocrx_word' id='word_1_115' title='bbox 654 2039 714 2079; x_wconf 93' lang='lat' dir='ltr'>non</span> <span class='ocrx_word' id='word_1_116' title='bbox 728 2016 860 2098; x_wconf 82' lang='lat' dir='ltr'>uonoliy·</span> 
     </span>
     <span class='ocr_line' id='line_1_21' title="bbox 176 2098 861 2178; baseline -0.007 -16"><span class='ocrx_word' id='word_1_117' title='bbox 176 2103 242 2173; x_wconf 77' lang='lat' dir='ltr'>liis,</span> <span class='ocrx_word' id='word_1_118' title='bbox 260 2117 309 2158; x_wconf 85' lang='lat' dir='ltr'>aut</span> <span class='ocrx_word' id='word_1_119' title='bbox 326 2098 465 2178; x_wconf 82' lang='lat' dir='ltr'>piscibus,</span> <span class='ocrx_word' id='word_1_120' title='bbox 480 2098 529 2160; x_wconf 91' lang='lat' dir='ltr'>sed</span> <span class='ocrx_word' id='word_1_121' title='bbox 545 2100 635 2158; x_wconf 70' lang='lat' dir='ltr'>multi</span> <span class='ocrx_word' id='word_1_122' title='bbox 645 2119 730 2160; x_wconf 86' lang='lat' dir='ltr'>carne</span> <span class='ocrx_word' id='word_1_123' title='bbox 746 2098 861 2159; x_wconf 69' lang='lat' dir='ltr'>sabran..</span> 
     </span>
     <span class='ocr_line' id='line_1_22' title="bbox 178 2177 861 2252; baseline -0.001 -11"><span class='ocrx_word' id='word_1_124' title='bbox 178 2181 245 2246; x_wconf 66' lang='lat' dir='ltr'>cidi</span> <span class='ocrx_word' id='word_1_125' title='bbox 262 2201 270 2238; x_wconf 92' lang='lat'>:</span> <span class='ocrx_word' id='word_1_126' title='bbox 289 2177 361 2238; x_wconf 86' lang='lat' dir='ltr'>servi</span> <span class='ocrx_word' id='word_1_127' title='bbox 379 2177 514 2239; x_wconf 88' lang='lat' dir='ltr'>sordidati</span> <span class='ocrx_word' id='word_1_128' title='bbox 530 2178 686 2239; x_wconf 86' lang='lat' dir='ltr'>ministrant</span> <span class='ocrx_word' id='word_1_129' title='bbox 703 2200 712 2252; x_wconf 91' lang='lat'>;</span> <span class='ocrx_word' id='word_1_130' title='bbox 729 2179 861 2240; x_wconf 87' lang='lat' dir='ltr'>nonnulli</span> 
     </span>
     <span class='ocr_line' id='line_1_23' title="bbox 179 2258 860 2340; baseline -0.003 -18"><span class='ocrx_word' id='word_1_131' title='bbox 179 2264 268 2323; x_wconf 83' lang='lat' dir='ltr'>etiarn</span> <span class='ocrx_word' id='word_1_132' title='bbox 286 2258 385 2319; x_wconf 85' lang='lat' dir='ltr'>senes:</span> <span class='ocrx_word' id='word_1_133' title='bbox 407 2260 486 2319; x_wconf 90' lang='lat' dir='ltr'>idem</span> <span class='ocrx_word' id='word_1_134' title='bbox 503 2281 633 2340; x_wconf 88' lang='lat' dir='ltr'>coquus,</span> <span class='ocrx_word' id='word_1_135' title='bbox 651 2259 729 2320; x_wconf 89' lang='lat' dir='ltr'>idem</span> <span class='ocrx_word' id='word_1_136' title='bbox 751 2263 860 2321; x_wconf 84' lang='lat' dir='ltr'>atrien-</span> 
     </span>
     <span class='ocr_line' id='line_1_24' title="bbox 180 2339 861 2420; baseline -0.006 -18"><span class='ocrx_word' id='word_1_137' title='bbox 180 2345 237 2403; x_wconf 76' lang='lat' dir='ltr'>tis:</span> <span class='ocrx_word' id='word_1_138' title='bbox 256 2339 345 2420; x_wconf 82' lang='lat' dir='ltr'>pistor</span> <span class='ocrx_word' id='word_1_139' title='bbox 363 2339 450 2402; x_wconf 83' lang='lat' dir='ltr'>domi</span> <span class='ocrx_word' id='word_1_140' title='bbox 461 2341 579 2414; x_wconf 65' lang='lat' dir='ltr'>nullut,</span> <span class='ocrx_word' id='word_1_141' title='bbox 597 2341 674 2402; x_wconf 86' lang='lat' dir='ltr'>nulla</span> <span class='ocrx_word' id='word_1_142' title='bbox 689 2341 760 2401; x_wconf 84' lang='lat' dir='ltr'>cella</span> <span class='ocrx_word' id='word_1_143' title='bbox 777 2362 784 2399; x_wconf 91' lang='lat'>:</span> <span class='ocrx_word' id='word_1_144' title='bbox 807 2361 861 2420; x_wconf 86' lang='lat' dir='ltr'>pa-</span> 
     </span>
     <span class='ocr_line' id='line_1_25' title="bbox 179 2421 859 2502; baseline -0.007 -19"><span class='ocrx_word' id='word_1_145' title='bbox 179 2424 246 2493; x_wconf 79' lang='lat' dir='ltr'>nis,</span> <span class='ocrx_word' id='word_1_146' title='bbox 264 2422 295 2478; x_wconf 89' lang='lat'>&amp;</span> <span class='ocrx_word' id='word_1_147' title='bbox 311 2424 410 2481; x_wconf 89' lang='lat' dir='ltr'>vinum</span> <span class='ocrx_word' id='word_1_148' title='bbox 425 2443 441 2481; x_wconf 81' lang='lat' dir='ltr'>a</span> <span class='ocrx_word' id='word_1_149' title='bbox 455 2423 599 2501; x_wconf 84' lang='lat' dir='ltr'>propola,</span> <span class='ocrx_word' id='word_1_150' title='bbox 615 2438 701 2502; x_wconf 82' lang='lat' dir='ltr'>atque</span> <span class='ocrx_word' id='word_1_151' title='bbox 716 2421 753 2481; x_wconf 88' lang='lat' dir='ltr'>de</span> <span class='ocrx_word' id='word_1_152' title='bbox 766 2439 859 2498; x_wconf 79' lang='lat' dir='ltr'>cupa:</span> 
     </span>
     <span class='ocr_line' id='line_1_26' title="bbox 180 2499 863 2580; baseline -0.009 -17"><span class='ocrx_word' id='word_1_153' title='bbox 180 2501 279 2563; x_wconf 85' lang='lat' dir='ltr'>Graeci</span> <span class='ocrx_word' id='word_1_154' title='bbox 296 2499 387 2579; x_wconf 87' lang='lat' dir='ltr'>stipati</span> <span class='ocrx_word' id='word_1_155' title='bbox 402 2504 509 2580; x_wconf 82' lang='lat' dir='ltr'>,quini</span> <span class='ocrx_word' id='word_1_156' title='bbox 519 2505 548 2559; x_wconf 93' lang='lat' dir='ltr'>in</span> <span class='ocrx_word' id='word_1_157' title='bbox 564 2500 691 2571; x_wconf 64' lang='lat' dir='ltr'>lectulis,</span> <span class='ocrx_word' id='word_1_158' title='bbox 708 2499 781 2578; x_wconf 82' lang='lat' dir='ltr'>saepe</span> <span class='ocrx_word' id='word_1_159' title='bbox 799 2499 863 2577; x_wconf 90' lang='lat' dir='ltr'>plu-</span> 
     </span>
     <span class='ocr_line' id='line_1_27' title="bbox 180 2577 861 2659; baseline 0 -21"><span class='ocrx_word' id='word_1_160' title='bbox 180 2603 229 2644; x_wconf 81' lang='lat' dir='ltr'>res</span> <span class='ocrx_word' id='word_1_161' title='bbox 242 2601 251 2652; x_wconf 91' lang='lat'>;</span> <span class='ocrx_word' id='word_1_162' title='bbox 265 2578 323 2659; x_wconf 91' lang='lat' dir='ltr'>ipse</span> <span class='ocrx_word' id='word_1_163' title='bbox 336 2578 429 2638; x_wconf 87' lang='lat' dir='ltr'>solus:</span> <span class='ocrx_word' id='word_1_164' title='bbox 443 2580 549 2639; x_wconf 87' lang='lat' dir='ltr'>bibitur</span> <span class='ocrx_word' id='word_1_165' title='bbox 564 2577 651 2657; x_wconf 86' lang='lat' dir='ltr'>usque</span> <span class='ocrx_word' id='word_1_166' title='bbox 665 2579 724 2649; x_wconf 80' lang='lat' dir='ltr'>eb,</span> <span class='ocrx_word' id='word_1_167' title='bbox 740 2579 809 2637; x_wconf 85' lang='lat' dir='ltr'>dum</span> <span class='ocrx_word' id='word_1_168' title='bbox 823 2578 861 2639; x_wconf 82' lang='lat' dir='ltr'>de</span> 
     </span>
     <span class='ocr_line' id='line_1_28' title="bbox 180 2657 864 2725; baseline -0.003 -4"><span class='ocrx_word' id='word_1_169' title='bbox 180 2662 256 2725; x_wconf 88' lang='lat' dir='ltr'>solio</span> <span class='ocrx_word' id='word_1_170' title='bbox 275 2657 467 2719; x_wconf 86' lang='lat' dir='ltr'>ministretur:</span> <span class='ocrx_word' id='word_1_171' title='bbox 489 2658 538 2717; x_wconf 89' lang='lat' dir='ltr'>ubi</span> <span class='ocrx_word' id='word_1_172' title='bbox 575 2659 622 2719; x_wconf 86' lang='lat' dir='ltr'>alli</span> <span class='ocrx_word' id='word_1_173' title='bbox 645 2675 760 2719; x_wconf 85' lang='lat' dir='ltr'>cantum</span> <span class='ocrx_word' id='word_1_174' title='bbox 779 2658 864 2719; x_wconf 79' lang='lat' dir='ltr'>aruli-¹</span> 
     </span>
     <span class='ocr_line' id='line_1_29' title="bbox 181 2737 863 2820; baseline 0 -19"><span class='ocrx_word' id='word_1_175' title='bbox 181 2744 247 2812; x_wconf 84' lang='lat' dir='ltr'>vit,</span> <span class='ocrx_word' id='word_1_176' title='bbox 267 2760 353 2797; x_wconf 85' lang='lat' dir='ltr'>avum</span> <span class='ocrx_word' id='word_1_177' title='bbox 371 2737 450 2799; x_wconf 84' lang='lat' dir='ltr'>suum</span> <span class='ocrx_word' id='word_1_178' title='bbox 466 2741 555 2801; x_wconf 82' lang='lat' dir='ltr'>revix&#39;</span> <span class='ocrx_word' id='word_1_179' title='bbox 580 2758 597 2799; x_wconf 87' lang='lat' dir='ltr'>e</span> <span class='ocrx_word' id='word_1_180' title='bbox 615 2756 714 2820; x_wconf 82' lang='lat' dir='ltr'>putet:</span> <span class='ocrx_word' id='word_1_181' title='bbox 733 2737 863 2801; x_wconf 78' lang='lat' dir='ltr'>mensam</span> 
     </span>
     <span class='ocr_line' id='line_1_30' title="bbox 183 2818 377 2897; baseline -0.046 -10"><span class='ocrx_word' id='word_1_182' title='bbox 183 2822 249 2886; x_wconf 87' lang='lat' dir='ltr'>tolli</span> <span class='ocrx_word' id='word_1_183' title='bbox 270 2818 377 2897; x_wconf 77' lang='lat' dir='ltr'>jubet.-</span> 
     </span>
    </p>
   </div>
   <div class='ocr_carea' id='block_1_5' title="bbox 227 2848 865 2997">
    <p class='ocr_par' dir='ltr' id='par_1_6' title="bbox 227 2848 865 2997">
     <span class='ocr_line' id='line_1_31' title="bbox 227 2848 865 2997; baseline -0.002 -34"><span class='ocrx_word' id='word_1_184' title='bbox 227 2898 400 2963; x_wconf 81' lang='lat' dir='ltr'>xxvui.</span> <span class='ocrx_word' id='word_1_185' title='bbox 411 2897 500 2962; x_wconf 80' lang='lat' dir='ltr'>Dicet</span> <span class='ocrx_word' id='word_1_186' title='bbox 512 2899 725 2983; x_wconf 62' lang='lat' dir='ltr'>aliquunde</span> <span class='ocrx_word' id='word_1_187' title='bbox 737 2899 789 2962; x_wconf 71' lang='lat' dir='ltr'>eu</span> <span class='ocrx_word' id='word_1_188' title='bbox 801 2848 865 2997; x_wconf 60' lang='lat' dir='ltr'>iaee</span> 
     </span>
    </p>
   </div>
   <div class='ocr_carea' id='block_1_6' title="bbox 0 0 1083 3942">
    <p class='ocr_par' dir='ltr' id='par_1_7' title="bbox 0 0 1083 3942">
     <span class='ocr_line' id='line_1_32' title="bbox 0 0 1083 3942; baseline 0 0"><span class='ocrx_word' id='word_1_189' title='bbox 0 0 1083 3942; x_wconf 95' lang='lat' dir='ltr'> </span> 
     </span>
    </p>
   </div>
  </div>
 </body>
</html>
