2117 3942
249 367 330 452 400
474 351 584 423 orn
603 371 655 424 rt
668 373 693 424 o
733 405 735 410 -
767 378 769 383 ·

292 491 340 548 27.
363 467 422 530 Sed
436 468 496 528 haec
510 472 663 529 omittam:
678 467 715 528 ad
729 467 794 543 illa,
806 471 871 549 quae
884 483 937 534 me*

250 556 340 634 magis
367 566 548 622 moverunt,
570 550 765 628 respondebo.
797 548 935 611 Delicia-

242 655 314 692 ¹rum
332 629 416 709 objur
437 634 496 690 atio
515 629 567 689 suit
586 631 696 710 longa,
714 632 746 691 &
764 638 799 691 e'a
820 631 935 705 lenior;

245 713 367 794 plusque
386 653 583 792 disputationis
604 711 727 784 habuit,
747 711 836 791 quiam
854 729 937 773 atro-

248 794 342 852 citatis
367 813 376 864 ;
424 794 463 851 ub
489 795 576 850 etiarn
601 792 697 850 audita
722 789 763 851 est
788 796 938 854 attentiirs.

250 871 329 933 Nam
348 872 381 931 P.
402 814 544 944 alodius,
558 873 663 930 amicus
676 892 778 945 meus,
797 894 887 952 quum
906 873 937 935 se

249 953 415 1035 gravissime
443 953 755 1032 vehementissimeque
782 950 931 1030 judam,

244 1036 286 1095 ἃ
313 1035 411 1094 omnia
430 1033 622 1094 inflammatus
647 1050 748 1113 ageret
773 1032 935 1095 tristissimis

249 1115 370 1188 verbis,
387 1134 463 1175 voce
477 1112 621 1183 maxim&
637 1117 752 1173 tametsi
771 1113 933 1193 probabam

247 1193 313 1273 ejus
336 1195 557 1274 eloquentiam,
580 1210 678 1253 tamen
697 1215 757 1252 non
780 1191 933 1274 pertimes-

248 1274 369 1334 cebam:
389 1276 496 1355 aliquot
513 1277 591 1333 enim
608 1276 637 1331 in
655 1277 745 1333 causis
764 1293 832 1334 eum
849 1274 934 1337 vide·

250 1376 312 1414 ram
334 1353 433 1414 frustra
451 1354 620 1433 litigantem.
641 1352 710 1413 Tibi
723 1370 843 1428 autem,
865 1353 935 1414 Bal-

250 1435 316 1508 be,
335 1433 518 1514 respondebo
539 1435 662 1512 primirm
681 1436 833 1514 precarii),
854 1437 877 1494 si
895 1436 934 1494 li-

250 1530 326 1586 cet,
350 1517 372 1572 si
389 1513 431 1573 sas
453 1511 499 1572 est·
518 1512 636 1571 defendi
655 1536 672 1572 a
691 1535 738 1574 me
763 1535 860 1588 eum,
886 1517 935 1595 qui

248 1593 360 1654 nullum
378 1594 546 1653 convivium
565 1595 710 1668 renuerit,
723 1595 772 1675 qui
786 1600 934 1676 unguenta

242 1672 309 1733 ¹sum
332 1672 414 1745 serit,
429 1676 478 1754 qui
495 1671 578 1732 Baias
592 1673 709 1734 viderit.

328 1753 374 1815 ll.
402 1754 547 1834 Equidem
568 1754 674 1813 multos
698 1755 731 1814 &
746 1754 808 1814 vidi
828 1756 858 1813 in
879 1754 934 1816 hac

221 1829 227 1867 '⁵
248 1835 381 1907 civitate,
397 1836 428 1895 &
438 1833 551 1905 audivi,
563 1855 622 1892 non
635 1835 727 1894 modb
741 1837 790 1914 qui
804 1837 936 1914 primori·

246 1914 301 1975 bus
315 1915 399 1975 labris
411 1912 561 1997 gustassent
572 1935 661 1994 genus
673 1916 731 1974 hoc
742 1917 809 1974 vitae
820 1961 829 1988 ‚
841 1917 873 1975 &
885 1936 936 1976 ex·

248 1998 367 2066 tremis,
388 2016 418 2054 ut
440 1993 559 2066 dicitur,
580 1994 675 2074 digitis
696 1993 870 2076 attigissent,
884 1995 934 2057 sed

246 2077 296 2153 qui
316 2093 409 2136 totam
423 2074 646 2135 adolescentiam
665 2076 863 2154 voluptatibus
881 2077 935 2137 de-

247 2153 370 2227 dissent,
385 2154 527 2216 emersisse
544 2155 718 2234 aliquando,
732 2158 765 2213 &
779 2155 807 2215 se
822 2156 860 2214 ad
874 2155 933 2216 fru-

247 2253 314 2314 gem
327 2236 451 2307 bonam,
465 2253 495 2294 ut
511 2234 631 2305 dicitur,
644 2233 801 2314 recepisse,
813 2257 934 2317 graves·

248 2334 304 2394 que
322 2315 455 2373 homines
473 2330 559 2393 atque
577 2313 696 2374 illustres
718 2312 808 2374 fuisse.
833 2315 929 2377 Datur

160 2442 163 2449 .
241 2413 328 2453 -enrm
347 2392 477 2453 conceslu
498 2396 628 2452 omnium
647 2395 711 2453 huic
729 2396 831 2475 aliquis
850 2397 932 2457 ludus

248 2476 345 2545 atati,
362 2475 393 2533 8(
410 2473 467 2554 ipsa
481 2490 580 2533 natura
591 2472 741 2554 profundit
759 2475 931 2538 adolescen-

248 2557 295 2613 tiae
315 2555 502 2634 cupiditates:
520 2575 583 2632 quae
604 2558 626 2613 si
643 2557 682 2614 ita
700 2573 878 2635 erumpunt,
901 2573 931 2617 ut

249 2635 352 2695 nullius
369 2637 459 2696 vitam
475 2633 669 2706 labesaslent,
689 2635 793 2693 nullius
808 2636 927 2696 domum

237 2731 414 2851 pvlertant,
442 2715 540 2776 faciles
572 2716 605 2776 δι
634 2714 801 2775 tolerabiles
832 2717 927 2778 haberi

261 2811 351 2853 oenr.

289 2889 337 2951 29.
362 2873 420 2936 Sed
433 2891 464 2935 tu
483 2875 553 2936 mihi
565 2875 704 2943 videbare
723 2895 761 2940 ex
780 2875 923 2943 communi
