2117 3942
279 399 381 471 Pno'
406 396 448 470 P.
473 402 677 495 Saxrzo.
745 394 822 477 ξπ

128 517 150 535 ·’
173 512 292 575 XXV.
314 515 395 589 Sed,
410 534 442 577 ut
457 538 475 578 a
488 537 555 578 mea
572 518 652 578 causa
668 517 727 598 jam
742 540 825 581 rece·

129 596 226 670 darn,
248 595 373 678 reliquas
390 597 549 659 illius.anni
571 597 665 678 pestes
684 599 825 660 recorda·

134 678 237 736 mini:
273 679 314 737 sic
340 678 419 738 enim
449 676 583 738 facillime
615 676 824 759 perspicietis}

133 773 276 839 quantam
292 758 354 819 vim
369 760 501 819 omnium
514 757 711 818 remediorum
727 780 823 819 ama·-

138 835 300 918 gisttatibus
322 839 463 918 proximis
486 836 647 916 respublica
676 833 824 899 desideri·

136 921 172 976 'rit
194 938 202 975 :
228 916 326 999 legum
344 916 579 990 multitudinem,
596 937 683 997 quum
702 937 824 995 earum,

134 1016 202 1078 quae
218 996 284 1055 latae
299 995 364 1057 sunt
375 1042 385 1070 ,
398 1013 458 1056 tum
474 998 568 1069 verb,
583 1017 645 1076 quae
660 997 773 1077 promul
794 1002 827 1057 a'·

135 1090 174 1136 'tae
193 1075 332 1136 fuerunt:
352 1097 421 1137 nant
435 1077 501 1137 latae
537 1075 632 1135 uidem
645 1076 708 1136 sunt
725 1018 826 1137 coniu-

136 1157 212 1216 libus
235 1155 291 1214 illis
311 1199 321 1230 ,
341 1157 501 1216 tacentibus
516 1097 641 1215 <bisam?
658 1156 751 1215 immo
774 1154 828 1221 ve*-

136 1238 170 1294 rb
192 1234 422 1316 approbantibus
442 1238 547 1307 etiam,
569 1254 599 1295 ut
621 1234 750 1296 censoria
768 1232 827 1317 no}-

138 1319 208 1390 tio,
232 1316 266 1375 &
284 1319 483 1453 gravissimum
501 1313 640 1393 judicium
662 1315 828 1377 sausiissimi

137 1398 185 1456 itta
206 1394 284 1454 ‘strat
305 1417 318 1455 s
349 1396 387 1456 de
415 1395 561 1477 republica
590 1396 766 1469 tolleretur3
792 1412 827 1464 ut

138 1416 265 1558 coliigia
284 1497 346 1534 non
365 1477 455 1535 modb
472 1476 520 1535 illa
537 1493 639 1536 vetera
661 1493 762 1536 contra
781 1472 828 1537 se'·

137 1556 220 1616 banis
248 1554 411 1616 consultum
439 1554 680 1630 restituerentur,
706 1555 756 1617 sed
788 1554 826 1616 ab

138 1642 197 1696 bno
231 1635 395 1717 gladiatore
420 1635 636 1697 innumerabilia
664 1635 718 1695 alia
745 1636 827 1701 novi

138 1715 391 1778 conscriberentur
413 1735 423 1787 ς
443 1736 494 1788 ut,
516 1719 641 1776 remissis
664 1715 828 1776 semissibus

140 1799 174 1857 δι
189 1796 368 1869 trientibus,
384 1797 482 1877 quinta
520 1797 593 1878 rope
614 1816 678 1877 pars
695 1792 828 1877 vestigass

139 1878 210 1936 lium
231 1876 411 1949 tolleretur3
430 1894 461 1935 ut
516 1877 613 1935 abinio
635 1897 689 1954 pro
709 1875 757 1934 illa
780 1874 829 1934 sud

141 1955 267 2028 Cilicia,
286 1977 373 2037 quam
394 1958 466 2029 sibi,
485 1958 508 2014 si
527 1955 737 2034 rempublicam
756 1956 829 2034 pro-‚J-

141 2035 280 2106 'didisset‚
305 2035 401 2116 pailus
422 2051 503 2108 erat,
528 2033 613 2115 Syria
634 2035 775 2104 daretur3
797 2032 829 2111 ut

143 2118 191 2176 uni
206 2115 342 2175 helluoni
356 2117 399 2175 bis
417 2116 453 2174 de
472 2114 576 2176 eadem
587 2134 619 2173 re
635 2113 829 2191 deliberandi,

145 2197 197 2267 δι,
216 2196 321 2277 rogati
333 2196 419 2277 lege,
436 2193 562 2276 potestas
575 2192 658 2255 fieret
670 2196 829 2276 provinciae

144 2276 369 2336 ¹commutandae.

146 2367 149 2373 '
185 2355 321 2415 XXVI.
344 2355 434 2413 Mitto
455 2376 519 2415 eam
539 2356 658 2437 legem,
681 2377 744 2437 quae
764 2375 833 2414 om·

148 2437 192 2495 uia
212 2433 277 2514 jura
293 2435 485 2517 religionum,
503 2436 712 2515 auspiciorum,
729 2430 831 2514 potes}

149 2531 256 2590 tatum,
275 2536 379 2574 omnes
392 2515 491 2596 leges,
504 2537 567 2596 quae
584 2514 646 2574 sunt
663 2516 699 2574 de
716 2512 779 2590 jure
797 2513 833 2571 ὃ(

152 2595 186 2655 tle
202 2613 339 2675 tempore
356 2595 454 2677 legum
467 2594 661 2678 rogandarum
676 2640 685 2666 ,
701 2593 759 2650 uni
780 2611 834 2677 rof

151 2678 262 2756 gatione
284 2675 395 2735 delevit
414 2696 421 2734 ε
440 2678 526 2734 mitto
546 2694 666 2733 omnem
690 2668 832 2757 domesti-

153 2777 211 2813 cam
229 2756 347 2814 labem:
363 2758 452 2814 etiam
473 2771 585 2813 exteras
604 2755 735 2810 nationes
758 2751 831 2813 illius¹

85 2904 87 2911 Ι
155 2839 215 2894 anni
233 2835 335 2894 furore
354 2832 551 2914 conquaffatas
571 2832 750 2891 videbamus.
771 2832 833 2893 Le·²

85 2914 88 2985 l
155 2933 187 2997 ge
201 2915 351 2979 tribunitii
373 2915 475 2976 Matris
497 2913 614 2996 Magnae
634 2911 833 3054 {eminuntius

85 3002 87 3015 t
303 2998 365 3022 up...
681 2994 709 3074 ii,
