2117 3942
290 386 398 457 Pno
423 387 473 457 Μ.
499 390 685 462 Ceno.
747 410 826 488 405

146 492 323 597 egopacem
342 501 444 584 Pyrrhi
460 503 583 578 diremi,
598 520 629 565 nt
644 521 675 564 tu
691 526 825 568 amorum

144 584 372 663 turpissimorum
403 585 533 662 quotidie
564 585 674 645 foedera
701 586 826 647 ferires?

141 662 210 724 ideo
227 683 332 744 aquam
349 662 475 737 adduxi,
491 683 523 725 ut
541 666 577 725 ed
596 685 627 725 tu
642 666 746 726 inceste
760 684 829 728 ute·

141 742 228 805 rere?
247 743 317 804 ideo
335 747 413 803 viam
433 747 564 817 munivi,
580 762 612 804 ut
629 764 693 804 eam
709 762 740 805 tu
755 748 827 808 alie·

140 824 183 883 nis
204 825 274 884 viris
291 825 430 883 comitata
448 823 635 884 celebrares?

179 902 258 963 XV.
280 902 341 965 Sed
359 903 428 984 quid
449 923 529 984 ego,
551 904 687 976 Iudices,
704 907 743 964 ita
762 926 828 987 gra·

138 1002 210 1043 vem
227 983 381 1065 personam
401 982 521 1058 induxi,
546 1002 577 1043 ut
599 1004 725 1056 verear,
742 1004 780 1044 ne
797 982 828 1047 se

138 1063 218 1124 idem
238 1063 353 1145 Appius
373 1066 494 1144 repente
513 1082 688 1137 convertat,
706 1065 737 1123 δι
756 1062 829 1124 Coe·

138 1142 211 1203 lium
233 1145 354 1225 incipiat
380 1143 510 1203 accusare
533 1145 582 1203 illi
609 1143 657 1203 sud
685 1146 826 1225 gravitate

138 1223 292 1284 censorii?
306 1223 364 1285 Sed
378 1225 480 1284 videro
493 1225 551 1284 hoc
565 1223 726 1304 posterius,
740 1242 826 1304 atque

136 1305 199 1376 ita,
214 1303 351 1377 ludices,
366 1322 397 1363 ut
414 1305 463 1365 vel
480 1304 663 1365 severissimis
684 1304 828 1383 discepta-

136 1384 257 1444 toribus·
274 1384 319 1444 M.
346 1382 433 1445 Coelii
455 1387 546 1444 vitam
568 1405 616 1445 me
637 1385 827 1464 probaturum

136 1462 195 1525 effe
210 1463 369 1525 confidam.
381 1464 430 1524 Tu
444 1467 518 1526 verb
537 1467 639 1525 mulier
651 1463 665 1544 (
676 1463 735 1542 jam
747 1466 826 1524 enim

134 1543 198 1627 ipse
222 1562 323 1606 tecum
347 1545 424 1605 nulli
473 1545 574 1606 ersonal
594 1544 753 1605 introdudlal
776 1546 827 1605 lo-

134 1624 274 1708 quor)si
295 1644 352 1699 ea,
371 1647 433 1707 quae
446 1568 517 1685 llcis
530 1671 542 1698 ,
563 1647 627 1706 quae
648 1626 718 1685 dicis
734 1669 743 1698 ‚
761 1646 827 1706 quae

133 1706 302 1779 insimulas,
320 1727 382 1788 quae
395 1707 522 1778 moliris,
541 1727 604 1785 quae
622 1706 734 1785 arguis,
752 1704 827 1783 pro·-¹

133 1786 208 1848 bare
217 1789 330 1868 cogitas
339 1807 348 1858 ;
357 1789 499 1847 rationem
510 1803 597 1844 tantae
610 1784 825 1860 familiaritatis,

133 1884 226 1928 tantae
247 1867 486 1936 consuetudinis,
507 1883 592 1924 tantae
614 1863 827 1938 conjunfflonis

133 1946 242 2009 reddas
261 1964 347 2027 atque
361 1967 490 2026 exponas
511 1942 622 2004 necelle
646 1944 698 2004 est.
725 1943 826 2003 Accu·

134 2027 244 2089 satores
257 2027 376 2107 quidem
392 2027 522 2086 libidines
537 2070 546 2098 ‚
561 2045 693 2096 amores,
708 2024 826 2085 adulte·

133 2110 197 2181 sia,
219 2107 328 2179 Baias,
346 2107 444 2179 allas,
463 2108 619 2179 convivia,
641 2103 826 2166 comellatio·

135 2208 214 2262 nes,
235 2206 363 2260 cantus,
385 2187 574 2267 symphonias
597 2230 606 2258 ,
631 2187 745 2266 navigia
766 2184 825 2264 jac·

136 2285 199 2330 tant
212 2288 221 2341 ;
234 2268 381 2348 iidemque
395 2265 575 2348 significant,
588 2266 656 2324 nihil
673 2265 701 2326 le
714 2311 723 2339 ,
736 2284 764 2326 te
779 2268 825 2326 in·

137 2344 341 2421 vitl‚'dicere
363 2368 370 2405 ε
394 2368 456 2428 quae
480 2364 540 2421 tu,
565 2348 701 2429 quoniam
724 2364 824 2406 mente

138 2428 233 2490 nescio
295 2427 311 2489 l
331 2426 489 2501 effrenata,
508 2447 594 2507 atque
610 2428 770 2561 praecipiti,
792 2428 823 2485 in

140 2507 233 2568 lorum
281 2506 365 2569 efetti
387 2507 584 2586 judiciumque
605 2507 684 2565 volui
710 2509 746 2576 i;
774 2522 823 2565 aut

84 2588 88 2635 ἶ
144 2588 230 2648 diluas
248 2604 391 2670 oportet,
413 2590 444 2647 ὃ(
463 2585 530 2645 falsa
548 2584 604 2645 effe
624 2584 752 2655 doceas,
776 2599 824 2644 aut

143 2669 206 2729 nihil
221 2688 318 2749 neque
333 2671 441 2728 crimini
454 2684 528 2738 tuo,
545 2684 642 2744 neque
656 2661 823 2725 testimonio

147 2749 319 2809 eredendum
338 2748 394 2808 elle
412 2749 530 2807 fateare.

84 2900 86 2907 ¹
183 2830 227 2907 36.
246 2830 296 2890 Sin
316 2846 412 2890 autem
433 2828 567 2888 urbanius
587 2844 634 2884 me
655 2841 741 2904 agere
759 2844 823 2884 ma·

149 2907 186 2970 vis
196 2952 206 2984 ,
218 2910 258 2972 sic
275 2930 360 2992 agam
373 2926 469 2971 tecum
483 2905 669 2970 :semovebo
683 2904 763 2965 illum
775 2904 823 2968 se-
