2117 3942
195 350 272 447 518
420 348 642 421 OaArro

191 464 283 526 inusta
297 465 372 526 notis
386 468 514 526 veritatis
530 488 537 526 :
554 465 644 527 facilis
658 462 700 526 est
711 461 760 526 illa
774 486 873 527 occur·

192 546 286 621 satio,
313 548 346 607 &
366 546 503 607 blanditia
524 548 671 627 popularis
684 567 692 604 ι
705 545 874 626 adspicitur,

192 647 253 686 non
269 625 452 688 attreslatur:
467 629 569 709 procul
587 643 732 708 apparet,
749 649 810 688 non
825 648 872 689 ex·

194 709 298 769 entitur
311 728 318 765 :
333 728 393 767 non
411 711 441 767 in
460 729 561 768 manus
577 707 704 767 sumitur.

235 803 284 866 30.
299 787 444 849 Omnibus
459 789 546 869 igitur
564 789 650 848 rebus
666 804 805 848 ornatum
820 787 874 848 ho·

194 867 325 941 minem,
346 886 405 928 tarn
424 870 569 941 externis,
587 868 674 949 quarn
694 867 874 942 domesticis>

192 949 339 1009 nonnullis
357 949 442 1009 rebus
455 948 642 1020 inferiorern,
660 948 750 1029 quam
764 965 812 1023 re,
825 969 874 1031 ge·

193 1030 269 1089 neris
287 1030 320 1089 ὃ(
338 1031 482 1100 nominis,
502 1029 589 1101 dico;
605 1028 786 1108 superiorem
800 1031 872 1102 aliis,

193 1112 397 1189 municipum,
420 1110 604 1182 vicinorum,
622 1108 795 1170 societatum
820 1109 873 1171 stu·

201 1188 252 1249 dio
263 1234 274 1261 ,
287 1208 455 1270 temporum
465 1210 598 1250 meorum
608 1190 769 1265 memori&
780 1209 873 1271 parem

196 1270 304 1331 virtute
324 1315 334 1343 ,
356 1271 517 1351 integritare
536 1316 546 1344 ‚
567 1268 709 1330 modestis
733 1315 744 1343 ‚
768 1271 873 1331 aedilem

179 1366 183 1370 ’
202 1347 309 1411 fartum
329 1348 528 1411 essentitatis?
551 1351 638 1410 Hunc
655 1367 686 1409 tu
701 1350 798 1412 vitaes
814 1352 873 1412 len·

195 1429 301 1491 dorem
319 1429 437 1489 maculis
450 1429 575 1512 aspergis
589 1429 666 1490 istis?
681 1430 757 1491 Jacis
771 1373 873 1493 adulte·

193 1511 253 1583 ria,
268 1530 331 1590 quae
343 1529 431 1570 nemo
447 1531 509 1571 non
527 1510 620 1570 modo
631 1513 774 1586 nomine,
784 1511 831 1573 sed
841 1530 874 1572 ne

192 1587 352 1670 suspicione
385 1589 484 1651 uidem
497 1593 589 1671 possit
604 1591 774 1672 agnoscere.
787 1592 875 1652 Bima·

193 1671 280 1730 ritum
290 1610 436 1752 appeiias,
446 1689 479 1731 ut
491 1671 583 1732 verba
593 1675 682 1732 etiam
695 1671 810 1755 fingas,
821 1692 874 1732 non

194 1748 287 1812 sollum
303 1754 434 1833 crimina.
455 1751 584 1813 Dudum
600 1750 657 1813 esse
668 1754 705 1813 ab
723 1774 762 1814 eo
773 1757 802 1814 in
816 1773 877 1833 pro

194 1833 321 1893 vinciam
335 1832 462 1913 aliquem
473 1833 544 1892 dicis
557 1833 681 1892 libidinis
693 1835 794 1894 causi:
804 1831 876 1914 quod

195 1935 258 1972 non
274 1915 383 1973 crimen
403 1911 463 1986 est,
481 1912 531 1972 sed
552 1914 726 1991 impunitum
744 1917 774 1973 in
794 1915 876 1974 male·

197 1993 274 2053 diuo
290 1993 486 2053 mendacium.
501 1993 628 2072 Raptam
642 1992 700 2053 effe
714 1996 876 2054 mimulam:

195 2073 276 2153 quod
299 2073 401 2132 dicitur
412 2073 508 2133 Atinae
525 2072 630 2134 fartum
650 2095 668 2133 a
686 2072 816 2151 juvene,
833 2093 877 2132 ve·

195 2169 260 2212 rere
276 2153 404 2232 quodam
417 2155 445 2213 in
464 2153 593 2214 scenicos
608 2152 690 2233 jure,
701 2156 877 2235 maximkque

197 2233 357 2310 oppidano.
375 2233 408 2294 Ο
419 2233 643 2294 adolescentiam
653 2235 815 2296 traduslam
826 2235 876 2295 ele·

196 2311 316 2392 gunter!
337 2315 383 2370 cui
396 2313 515 2392 quidem
528 2335 639 2451 guum,
658 2315 740 2395 quod
759 2317 878 2386 licuerit,

197 2389 372 2472 objiciatur,
398 2408 499 2452 tamen
517 2395 526 2450 i
569 2394 661 2473 ipsum
680 2395 783 2456 salsum
801 2415 877 2476 repe·

198 2475 296 2533 riatur.
319 2470 439 2531 Emissos
457 2473 557 2553 aliquis
577 2494 593 2533 e
611 2496 750 2549 carcere,
768 2479 802 2537 &
819 2478 879 2557 qui·

199 2556 268 2615 dem
296 2550 406 2614 emissus
428 2573 482 2634 per
502 2555 749 2633 imprudentiam,
776 2555 878 2618 emissus

201 2634 214 2714 (
233 2653 264 2695 ut
283 2633 426 2715 cogndstis
441 2632 457 2715 )
475 2632 623 2694 necessarii
643 2637 790 2711 hominis,
807 2640 877 2718 opti-

199 2719 297 2794 mique
318 2713 508 2774 ad'olescentis
528 2733 660 2795 rogatu:
687 2717 769 2777 idem
788 2717 878 2799 postea

199 2799 330 2874 praetoris
351 2795 486 2854 mandatu
505 2798 664 2876 requisitus.
686 2801 789 2879 Atque
809 2799 879 2867 hac,

200 2893 255 2935 nec
274 2876 333 2937 ulla
349 2876 421 2951 alia,
439 2873 502 2936 sunt
525 2875 657 2958 conjecta
686 2880 880 2941 maledisla‘n
