<?xml version="1.0" encoding="UTF-8"?>
<!DOCTYPE html PUBLIC "-//W3C//DTD XHTML 1.0 Transitional//EN"
    "http://www.w3.org/TR/xhtml1/DTD/xhtml1-transitional.dtd">
<html xmlns="http://www.w3.org/1999/xhtml" xml:lang="en" lang="en">
 <head>
  <title>
</title>
<meta http-equiv="Content-Type" content="text/html;charset=utf-8" />
  <meta name='ocr-system' content='tesseract 3.04.00' />
  <meta name='ocr-capabilities' content='ocr_page ocr_carea ocr_par ocr_line ocrx_word'/>
</head>
<body>
  <div class='ocr_page' id='page_1' title='image "./mtulliiciceroni06lallgoog_0443.png"; bbox 0 0 2117 3942; ppageno 0'>
   <div class='ocr_carea' id='block_1_1' title="bbox 287 355 809 453">
    <p class='ocr_par' dir='ltr' id='par_1_1' title="bbox 287 355 809 453">
     <span class='ocr_line' id='line_1_1' title="bbox 287 355 809 453; baseline 0.008 -27"><span class='ocrx_word' id='word_1_1' title='bbox 287 373 341 426; x_wconf 78' lang='lat' dir='ltr'>1u</span> <span class='ocrx_word' id='word_1_2' title='bbox 366 355 401 433; x_wconf 79' lang='lat' dir='ltr'>L.</span> <span class='ocrx_word' id='word_1_3' title='bbox 429 355 670 426; x_wconf 75' lang='lat' dir='ltr'>Prsorrrrr.</span> <span class='ocrx_word' id='word_1_4' title='bbox 735 360 809 453; x_wconf 83' lang='lat'>483</span> 
     </span>
    </p>
   </div>
   <div class='ocr_carea' id='block_1_2' title="bbox 128 466 816 869">
    <p class='ocr_par' dir='ltr' id='par_1_2' title="bbox 128 466 816 869">
     <span class='ocr_line' id='line_1_2' title="bbox 131 466 816 553; baseline 0.009 -24"><span class='ocrx_word' id='word_1_5' title='bbox 131 466 240 530; x_wconf 73' lang='lat' dir='ltr'>nefarie</span> <span class='ocrx_word' id='word_1_6' title='bbox 261 467 350 544; x_wconf 72' lang='lat' dir='ltr'>filiae,</span> <span class='ocrx_word' id='word_1_7' title='bbox 373 469 456 529; x_wconf 88' lang='lat' dir='ltr'>simul</span> <span class='ocrx_word' id='word_1_8' title='bbox 468 489 571 531; x_wconf 88' lang='lat' dir='ltr'>eorum</span> <span class='ocrx_word' id='word_1_9' title='bbox 582 515 591 543; x_wconf 96' lang='lat'>,</span> <span class='ocrx_word' id='word_1_10' title='bbox 604 475 654 553; x_wconf 91' lang='lat' dir='ltr'>qui</span> <span class='ocrx_word' id='word_1_11' title='bbox 667 468 816 535; x_wconf 57' lang='lat' dir='ltr'>familiario</span> 
     </span>
     <span class='ocr_line' id='line_1_3' title="bbox 130 548 814 630; baseline 0.009 -21"><span class='ocrx_word' id='word_1_12' title='bbox 130 551 198 609; x_wconf 83' lang='lat' dir='ltr'>catis</span> <span class='ocrx_word' id='word_1_13' title='bbox 225 550 367 623; x_wconf 73' lang='lat' dir='ltr'>licentii,</span> <span class='ocrx_word' id='word_1_14' title='bbox 389 548 504 610; x_wconf 89' lang='lat' dir='ltr'>suorum</span> <span class='ocrx_word' id='word_1_15' title='bbox 535 553 814 630; x_wconf 82' lang='lat' dir='ltr'>improbissimorum</span> 
     </span>
     <span class='ocr_line' id='line_1_4' title="bbox 130 628 816 712; baseline 0.01 -25"><span class='ocrx_word' id='word_1_16' title='bbox 130 628 295 691; x_wconf 86' lang='lat' dir='ltr'>sermonum</span> <span class='ocrx_word' id='word_1_17' title='bbox 325 630 503 691; x_wconf 72' lang='lat' dir='ltr'>domicilium</span> <span class='ocrx_word' id='word_1_18' title='bbox 526 631 556 689; x_wconf 91' lang='lat' dir='ltr'>in</span> <span class='ocrx_word' id='word_1_19' title='bbox 584 633 698 693; x_wconf 84' lang='lat' dir='ltr'>auribus</span> <span class='ocrx_word' id='word_1_20' title='bbox 723 631 816 712; x_wconf 80' lang='lat' dir='ltr'>ejus,</span> 
     </span>
     <span class='ocr_line' id='line_1_5' title="bbox 130 707 816 847; baseline 0.009 -78"><span class='ocrx_word' id='word_1_21' title='bbox 130 707 252 847; x_wconf 74' lang='lat' dir='ltr'>impulsu</span> <span class='ocrx_word' id='word_1_22' title='bbox 266 707 363 773; x_wconf 77' lang='lat' dir='ltr'>uestro</span> <span class='ocrx_word' id='word_1_23' title='bbox 376 754 386 783; x_wconf 92' lang='lat'>,</span> <span class='ocrx_word' id='word_1_24' title='bbox 401 708 637 784; x_wconf 85' lang='lat' dir='ltr'>collocaverunt,</span> <span class='ocrx_word' id='word_1_25' title='bbox 647 709 748 774; x_wconf 70' lang='lat' dir='ltr'>vestre</span> <span class='ocrx_word' id='word_1_26' title='bbox 765 735 816 775; x_wconf 87' lang='lat' dir='ltr'>cu·</span> 
     </span>
     <span class='ocr_line' id='line_1_6' title="bbox 128 810 189 869; baseline 0.033 -23"><span class='ocrx_word' id='word_1_27' title='bbox 128 810 160 869; x_wconf 85' lang='lat' dir='ltr'>pr</span> <span class='ocrx_word' id='word_1_28' title='bbox 183 812 189 848; x_wconf 88' lang='grc' dir='ltr'>ι</span> 
     </span>
    </p>
   </div>
   <div class='ocr_carea' id='block_1_3' title="bbox 127 786 815 2864">
    <p class='ocr_par' dir='ltr' id='par_1_3' title="bbox 128 786 814 1170">
     <span class='ocr_line' id='line_1_7' title="bbox 152 786 814 869; baseline 0.011 -22"><span class='ocrx_word' id='word_1_29' title='bbox 152 790 158 802; x_wconf 88' lang='grc'><em>“</em></span> <span class='ocrx_word' id='word_1_30' title='bbox 192 806 265 850; x_wconf 85' lang='lat' dir='ltr'>tates</span> <span class='ocrx_word' id='word_1_31' title='bbox 283 791 496 869; x_wconf 86' lang='lat' dir='ltr'>provinciarum</span> <span class='ocrx_word' id='word_1_32' title='bbox 511 786 689 865; x_wconf 87' lang='lat' dir='ltr'>effecerunt,</span> <span class='ocrx_word' id='word_1_33' title='bbox 706 809 737 852; x_wconf 87' lang='lat' dir='ltr'>ut</span> <span class='ocrx_word' id='word_1_34' title='bbox 754 813 771 855; x_wconf 89' lang='lat' dir='ltr'>e</span> <span class='ocrx_word' id='word_1_35' title='bbox 792 815 814 863; x_wconf 85' lang='lat' dir='ltr'>o</span> 
     </span>
     <span class='ocr_line' id='line_1_8' title="bbox 130 813 793 952; baseline 0.006 -24"><span class='ocrx_word' id='word_1_36' title='bbox 130 869 321 940; x_wconf 84' lang='lat' dir='ltr'>excluderer,</span> <span class='ocrx_word' id='word_1_37' title='bbox 344 867 525 949; x_wconf 88' lang='lat' dir='ltr'>omnesque,</span> <span class='ocrx_word' id='word_1_38' title='bbox 544 871 592 948; x_wconf 90' lang='lat' dir='ltr'>qui</span> <span class='ocrx_word' id='word_1_39' title='bbox 612 890 659 931; x_wconf 90' lang='lat' dir='ltr'>me</span> <span class='ocrx_word' id='word_1_40' title='bbox 678 913 688 944; x_wconf 93' lang='lat'>,</span> <span class='ocrx_word' id='word_1_41' title='bbox 707 813 793 952; x_wconf 75' lang='lat' dir='ltr'>quill</span> 
     </span>
     <span class='ocr_line' id='line_1_9' title="bbox 128 948 813 1030; baseline 0.007 -22"><span class='ocrx_word' id='word_1_42' title='bbox 128 948 183 1008; x_wconf 82' lang='lat' dir='ltr'>lius</span> <span class='ocrx_word' id='word_1_43' title='bbox 198 948 340 1029; x_wconf 85' lang='lat' dir='ltr'>gloriam,</span> <span class='ocrx_word' id='word_1_44' title='bbox 356 950 404 1030; x_wconf 92' lang='lat' dir='ltr'>qui</span> <span class='ocrx_word' id='word_1_45' title='bbox 418 948 622 1028; x_wconf 83' lang='lat' dir='ltr'>rempublicam</span> <span class='ocrx_word' id='word_1_46' title='bbox 635 949 741 1013; x_wconf 84' lang='lat' dir='ltr'>salvam</span> <span class='ocrx_word' id='word_1_47' title='bbox 754 950 813 1014; x_wconf 82' lang='lat' dir='ltr'>effe</span> 
     </span>
     <span class='ocr_line' id='line_1_10' title="bbox 130 1027 814 1111; baseline 0.004 -21"><span class='ocrx_word' id='word_1_48' title='bbox 130 1028 307 1108; x_wconf 86' lang='lat' dir='ltr'>cupiebant,</span> <span class='ocrx_word' id='word_1_49' title='bbox 326 1027 457 1091; x_wconf 83' lang='lat' dir='ltr'>sermone</span> <span class='ocrx_word' id='word_1_50' title='bbox 468 1048 555 1111; x_wconf 84' lang='lat' dir='ltr'>atque</span> <span class='ocrx_word' id='word_1_51' title='bbox 572 1029 651 1092; x_wconf 84' lang='lat' dir='ltr'>aditu</span> <span class='ocrx_word' id='word_1_52' title='bbox 669 1031 814 1110; x_wconf 88' lang='lat' dir='ltr'>prohibe·</span> 
     </span>
     <span class='ocr_line' id='line_1_11' title="bbox 128 1124 238 1170; baseline 0 0"><span class='ocrx_word' id='word_1_53' title='bbox 128 1124 238 1170; x_wconf 88' lang='lat' dir='ltr'>rentur.</span> 
     </span>
    </p>

    <p class='ocr_par' dir='ltr' id='par_1_4' title="bbox 127 1173 815 2547">
     <span class='ocr_line' id='line_1_12' title="bbox 170 1173 812 1268; baseline 0.005 -21"><span class='ocrx_word' id='word_1_54' title='bbox 170 1207 222 1265; x_wconf 92' lang='lat'>77.</span> <span class='ocrx_word' id='word_1_55' title='bbox 243 1186 358 1267; x_wconf 82' lang='lat' dir='ltr'>Quibus</span> <span class='ocrx_word' id='word_1_56' title='bbox 371 1188 456 1249; x_wconf 84' lang='lat' dir='ltr'>rebus</span> <span class='ocrx_word' id='word_1_57' title='bbox 473 1185 514 1251; x_wconf 85' lang='lat' dir='ltr'>est</span> <span class='ocrx_word' id='word_1_58' title='bbox 530 1173 689 1268; x_wconf 69' lang='lat' dir='ltr'>perfestum</span> <span class='ocrx_word' id='word_1_59' title='bbox 700 1233 711 1263; x_wconf 95' lang='lat'>,</span> <span class='ocrx_word' id='word_1_60' title='bbox 722 1202 755 1249; x_wconf 90' lang='lat' dir='ltr'>ot</span> <span class='ocrx_word' id='word_1_61' title='bbox 771 1188 812 1250; x_wconf 88' lang='lat' dir='ltr'>illi</span> 
     </span>
     <span class='ocr_line' id='line_1_13' title="bbox 127 1265 813 1350; baseline 0.006 -22"><span class='ocrx_word' id='word_1_62' title='bbox 127 1267 215 1348; x_wconf 69' lang='lat' dir='ltr'>plane</span> <span class='ocrx_word' id='word_1_63' title='bbox 232 1266 283 1328; x_wconf 90' lang='lat' dir='ltr'>suo</span> <span class='ocrx_word' id='word_1_64' title='bbox 299 1266 372 1329; x_wconf 84' lang='lat' dir='ltr'>stare</span> <span class='ocrx_word' id='word_1_65' title='bbox 384 1265 492 1347; x_wconf 86' lang='lat' dir='ltr'>judicio</span> <span class='ocrx_word' id='word_1_66' title='bbox 508 1289 567 1329; x_wconf 94' lang='lat' dir='ltr'>non</span> <span class='ocrx_word' id='word_1_67' title='bbox 583 1268 700 1341; x_wconf 90' lang='lat' dir='ltr'>liceret,</span> <span class='ocrx_word' id='word_1_68' title='bbox 722 1289 813 1350; x_wconf 88' lang='lat' dir='ltr'>quum</span> 
     </span>
     <span class='ocr_line' id='line_1_14' title="bbox 128 1345 813 1427; baseline 0.006 -20"><span class='ocrx_word' id='word_1_69' title='bbox 128 1351 201 1409; x_wconf 90' lang='lat' dir='ltr'>certi</span> <span class='ocrx_word' id='word_1_70' title='bbox 220 1348 351 1408; x_wconf 87' lang='lat' dir='ltr'>homines</span> <span class='ocrx_word' id='word_1_71' title='bbox 360 1368 422 1408; x_wconf 89' lang='lat' dir='ltr'>non</span> <span class='ocrx_word' id='word_1_72' title='bbox 436 1345 558 1411; x_wconf 88' lang='lat' dir='ltr'>studium</span> <span class='ocrx_word' id='word_1_73' title='bbox 570 1345 632 1427; x_wconf 88' lang='lat' dir='ltr'>ejus</span> <span class='ocrx_word' id='word_1_74' title='bbox 647 1371 664 1409; x_wconf 86' lang='lat' dir='ltr'>a</span> <span class='ocrx_word' id='word_1_75' title='bbox 678 1369 726 1409; x_wconf 89' lang='lat' dir='ltr'>me</span> <span class='ocrx_word' id='word_1_76' title='bbox 740 1348 813 1411; x_wconf 85' lang='lat' dir='ltr'>alie·</span> 
     </span>
     <span class='ocr_line' id='line_1_15' title="bbox 128 1426 815 1509; baseline 0.003 -21"><span class='ocrx_word' id='word_1_77' title='bbox 128 1426 239 1488; x_wconf 83' lang='lat' dir='ltr'>nallent</span> <span class='ocrx_word' id='word_1_78' title='bbox 250 1473 261 1500; x_wconf 90' lang='lat'>‚</span> <span class='ocrx_word' id='word_1_79' title='bbox 274 1427 322 1489; x_wconf 87' lang='lat' dir='ltr'>sed</span> <span class='ocrx_word' id='word_1_80' title='bbox 338 1429 472 1489; x_wconf 84' lang='lat' dir='ltr'>auxilium</span> <span class='ocrx_word' id='word_1_81' title='bbox 483 1427 678 1491; x_wconf 85' lang='lat' dir='ltr'>retardallenr.</span> <span class='ocrx_word' id='word_1_82' title='bbox 700 1428 815 1509; x_wconf 73' lang='lat' dir='ltr'>Nonne¹</span> 
     </span>
     <span class='ocr_line' id='line_1_16' title="bbox 128 1508 810 1589; baseline 0.001 -21"><span class='ocrx_word' id='word_1_83' title='bbox 128 1508 167 1568; x_wconf 85' lang='lat' dir='ltr'>ad</span> <span class='ocrx_word' id='word_1_84' title='bbox 188 1526 218 1569; x_wconf 85' lang='lat' dir='ltr'>te</span> <span class='ocrx_word' id='word_1_85' title='bbox 234 1509 269 1569; x_wconf 92' lang='lat' dir='ltr'>L.</span> <span class='ocrx_word' id='word_1_86' title='bbox 287 1508 444 1582; x_wconf 81' lang='lat' dir='ltr'>Lentulus,</span> <span class='ocrx_word' id='word_1_87' title='bbox 461 1510 509 1589; x_wconf 92' lang='lat' dir='ltr'>qui</span> <span class='ocrx_word' id='word_1_88' title='bbox 521 1525 583 1569; x_wconf 91' lang='lat' dir='ltr'>rum</span> <span class='ocrx_word' id='word_1_89' title='bbox 602 1528 662 1570; x_wconf 87' lang='lat' dir='ltr'>erat</span> <span class='ocrx_word' id='word_1_90' title='bbox 681 1527 810 1589; x_wconf 85' lang='lat' dir='ltr'>praetor,</span> 
     </span>
     <span class='ocr_line' id='line_1_17' title="bbox 128 1587 810 1670; baseline 0.004 -23"><span class='ocrx_word' id='word_1_91' title='bbox 128 1608 191 1648; x_wconf 85' lang='lat' dir='ltr'>non</span> <span class='ocrx_word' id='word_1_92' title='bbox 211 1587 252 1668; x_wconf 88' lang='lat' dir='ltr'>Q.</span> <span class='ocrx_word' id='word_1_93' title='bbox 270 1587 384 1670; x_wconf 84' lang='lat' dir='ltr'>Sanga,</span> <span class='ocrx_word' id='word_1_94' title='bbox 401 1610 462 1648; x_wconf 89' lang='lat' dir='ltr'>non</span> <span class='ocrx_word' id='word_1_95' title='bbox 478 1589 513 1648; x_wconf 83' lang='lat' dir='ltr'>L.</span> <span class='ocrx_word' id='word_1_96' title='bbox 526 1587 693 1670; x_wconf 83' lang='lat' dir='ltr'>Torquatus</span> <span class='ocrx_word' id='word_1_97' title='bbox 709 1609 810 1670; x_wconf 90' lang='lat' dir='ltr'>patet,</span> 
     </span>
     <span class='ocr_line' id='line_1_18' title="bbox 128 1667 810 1749; baseline 0.006 -22"><span class='ocrx_word' id='word_1_98' title='bbox 128 1688 191 1728; x_wconf 90' lang='lat' dir='ltr'>non</span> <span class='ocrx_word' id='word_1_99' title='bbox 216 1668 260 1730; x_wconf 90' lang='lat' dir='ltr'>M.</span> <span class='ocrx_word' id='word_1_100' title='bbox 280 1667 412 1728; x_wconf 87' lang='lat' dir='ltr'>Lucullus</span> <span class='ocrx_word' id='word_1_101' title='bbox 435 1667 545 1727; x_wconf 74' lang='lat' dir='ltr'>venit?</span> <span class='ocrx_word' id='word_1_102' title='bbox 571 1671 619 1749; x_wconf 90' lang='lat' dir='ltr'>qui</span> <span class='ocrx_word' id='word_1_103' title='bbox 641 1689 743 1730; x_wconf 88' lang='lat' dir='ltr'>omnes</span> <span class='ocrx_word' id='word_1_104' title='bbox 771 1671 810 1731; x_wconf 85' lang='lat' dir='ltr'>ad</span> 
     </span>
     <span class='ocr_line' id='line_1_19' title="bbox 129 1747 811 1829; baseline 0 -20"><span class='ocrx_word' id='word_1_105' title='bbox 129 1769 198 1809; x_wconf 84' lang='lat' dir='ltr'>eum</span> <span class='ocrx_word' id='word_1_106' title='bbox 210 1792 220 1821; x_wconf 92' lang='lat'>,</span> <span class='ocrx_word' id='word_1_107' title='bbox 233 1750 371 1829; x_wconf 87' lang='lat' dir='ltr'>multique</span> <span class='ocrx_word' id='word_1_108' title='bbox 386 1747 523 1807; x_wconf 81' lang='lat' dir='ltr'>mortales</span> <span class='ocrx_word' id='word_1_109' title='bbox 541 1765 654 1807; x_wconf 85' lang='lat' dir='ltr'>oratum</span> <span class='ocrx_word' id='word_1_110' title='bbox 671 1751 699 1807; x_wconf 92' lang='lat' dir='ltr'>in</span> <span class='ocrx_word' id='word_1_111' title='bbox 720 1748 811 1811; x_wconf 78' lang='lat' dir='ltr'>Alba-</span> 
     </span>
     <span class='ocr_line' id='line_1_20' title="bbox 128 1827 808 1907; baseline 0.001 -19"><span class='ocrx_word' id='word_1_112' title='bbox 128 1848 219 1901; x_wconf 88' lang='lat' dir='ltr'>num,</span> <span class='ocrx_word' id='word_1_113' title='bbox 237 1827 473 1907; x_wconf 87' lang='lat' dir='ltr'>obsecratumque</span> <span class='ocrx_word' id='word_1_114' title='bbox 493 1844 651 1898; x_wconf 87' lang='lat' dir='ltr'>venerant,</span> <span class='ocrx_word' id='word_1_115' title='bbox 671 1848 708 1887; x_wconf 90' lang='lat' dir='ltr'>ne</span> <span class='ocrx_word' id='word_1_116' title='bbox 729 1848 808 1889; x_wconf 84' lang='lat' dir='ltr'>meas</span> 
     </span>
     <span class='ocr_line' id='line_1_21' title="bbox 128 1906 809 1988; baseline 0.001 -19"><span class='ocrx_word' id='word_1_117' title='bbox 128 1909 258 1969; x_wconf 83' lang='lat' dir='ltr'>fortunas</span> <span class='ocrx_word' id='word_1_118' title='bbox 276 1908 437 1979; x_wconf 88' lang='lat' dir='ltr'>desereret,</span> <span class='ocrx_word' id='word_1_119' title='bbox 455 1926 521 1967; x_wconf 92' lang='lat' dir='ltr'>cum</span> <span class='ocrx_word' id='word_1_120' title='bbox 540 1907 702 1988; x_wconf 87' lang='lat' dir='ltr'>reipublicae</span> <span class='ocrx_word' id='word_1_121' title='bbox 720 1906 809 1970; x_wconf 84' lang='lat' dir='ltr'>salute</span> 
     </span>
     <span class='ocr_line' id='line_1_22' title="bbox 128 1984 808 2068; baseline 0 -19"><span class='ocrx_word' id='word_1_122' title='bbox 128 1987 313 2066; x_wconf 64' lang='lat' dir='ltr'>conjuniias:</span> <span class='ocrx_word' id='word_1_123' title='bbox 335 2009 408 2068; x_wconf 90' lang='lat' dir='ltr'>quos</span> <span class='ocrx_word' id='word_1_124' title='bbox 423 1986 471 2047; x_wconf 87' lang='lat' dir='ltr'>ille</span> <span class='ocrx_word' id='word_1_125' title='bbox 489 1984 526 2044; x_wconf 87' lang='lat' dir='ltr'>ad</span> <span class='ocrx_word' id='word_1_126' title='bbox 544 2003 594 2057; x_wconf 86' lang='lat' dir='ltr'>te,</span> <span class='ocrx_word' id='word_1_127' title='bbox 615 1987 648 2047; x_wconf 70' lang='grc' dir='ltr'>ὃ(</span> <span class='ocrx_word' id='word_1_128' title='bbox 669 1987 706 2045; x_wconf 84' lang='lat' dir='ltr'>ad</span> <span class='ocrx_word' id='word_1_129' title='bbox 726 2005 808 2049; x_wconf 89' lang='lat' dir='ltr'>tuum</span> 
     </span>
     <span class='ocr_line' id='line_1_23' title="bbox 129 2064 809 2148; baseline -0.003 -19"><span class='ocrx_word' id='word_1_130' title='bbox 129 2069 274 2148; x_wconf 85' lang='lat' dir='ltr'>collegam</span> <span class='ocrx_word' id='word_1_131' title='bbox 287 2069 394 2127; x_wconf 86' lang='lat' dir='ltr'>remisit</span> <span class='ocrx_word' id='word_1_132' title='bbox 404 2112 414 2140; x_wconf 93' lang='lat'>‚</span> <span class='ocrx_word' id='word_1_133' title='bbox 424 2084 455 2125; x_wconf 92' lang='lat' dir='ltr'>ut</span> <span class='ocrx_word' id='word_1_134' title='bbox 469 2064 579 2126; x_wconf 87' lang='lat' dir='ltr'>causam</span> <span class='ocrx_word' id='word_1_135' title='bbox 591 2066 735 2147; x_wconf 87' lang='lat' dir='ltr'>publicam</span> <span class='ocrx_word' id='word_1_136' title='bbox 751 2066 809 2127; x_wconf 85' lang='lat' dir='ltr'>sus-</span> 
     </span>
     <span class='ocr_line' id='line_1_24' title="bbox 128 2144 807 2228; baseline 0.004 -21"><span class='ocrx_word' id='word_1_137' title='bbox 128 2149 290 2228; x_wconf 86' lang='lat' dir='ltr'>ciperetis,</span> <span class='ocrx_word' id='word_1_138' title='bbox 318 2165 349 2206; x_wconf 88' lang='lat' dir='ltr'>ut</span> <span class='ocrx_word' id='word_1_139' title='bbox 369 2147 406 2206; x_wconf 86' lang='lat' dir='ltr'>ad</span> <span class='ocrx_word' id='word_1_140' title='bbox 427 2144 554 2206; x_wconf 84' lang='lat' dir='ltr'>senatum</span> <span class='ocrx_word' id='word_1_141' title='bbox 578 2145 721 2208; x_wconf 86' lang='lat' dir='ltr'>referretis</span> <span class='ocrx_word' id='word_1_142' title='bbox 741 2166 749 2223; x_wconf 69' lang='grc' dir='ltr'><strong><em>ς</em></strong></span> <span class='ocrx_word' id='word_1_143' title='bbox 776 2146 807 2210; x_wconf 83' lang='lat' dir='ltr'>se</span> 
     </span>
     <span class='ocr_line' id='line_1_25' title="bbox 129 2227 808 2306; baseline -0.001 -18"><span class='ocrx_word' id='word_1_144' title='bbox 129 2245 232 2288; x_wconf 90' lang='lat' dir='ltr'>contra</span> <span class='ocrx_word' id='word_1_145' title='bbox 249 2243 388 2287; x_wconf 86' lang='lat' dir='ltr'>armatum</span> <span class='ocrx_word' id='word_1_146' title='bbox 401 2227 546 2287; x_wconf 89' lang='lat' dir='ltr'>tribunum</span> <span class='ocrx_word' id='word_1_147' title='bbox 559 2228 649 2306; x_wconf 87' lang='lat' dir='ltr'>plebis</span> <span class='ocrx_word' id='word_1_148' title='bbox 662 2229 722 2287; x_wconf 89' lang='lat' dir='ltr'>sine</span> <span class='ocrx_word' id='word_1_149' title='bbox 735 2248 808 2287; x_wconf 90' lang='lat' dir='ltr'>con·</span> 
     </span>
     <span class='ocr_line' id='line_1_26' title="bbox 129 2306 806 2388; baseline 0 -20"><span class='ocrx_word' id='word_1_150' title='bbox 129 2309 194 2368; x_wconf 88' lang='lat' dir='ltr'>silio</span> <span class='ocrx_word' id='word_1_151' title='bbox 213 2308 329 2388; x_wconf 90' lang='lat' dir='ltr'>publico</span> <span class='ocrx_word' id='word_1_152' title='bbox 349 2308 495 2368; x_wconf 86' lang='lat' dir='ltr'>decertare</span> <span class='ocrx_word' id='word_1_153' title='bbox 512 2307 617 2368; x_wconf 87' lang='lat' dir='ltr'>nolle:</span> <span class='ocrx_word' id='word_1_154' title='bbox 644 2306 806 2368; x_wconf 82' lang='lat' dir='ltr'>consulibus</span> 
     </span>
     <span class='ocr_line' id='line_1_27' title="bbox 129 2387 809 2467; baseline 0 -18"><span class='ocrx_word' id='word_1_155' title='bbox 129 2409 166 2449; x_wconf 80' lang='lat' dir='ltr'>ex</span> <span class='ocrx_word' id='word_1_156' title='bbox 180 2387 415 2449; x_wconf 83' lang='lat' dir='ltr'>senatusconsulto</span> <span class='ocrx_word' id='word_1_157' title='bbox 425 2387 633 2467; x_wconf 84' lang='lat' dir='ltr'>rempublicam</span> <span class='ocrx_word' id='word_1_158' title='bbox 646 2388 809 2449; x_wconf 82' lang='lat' dir='ltr'>defenden-</span> 
     </span>
     <span class='ocr_line' id='line_1_28' title="bbox 128 2467 564 2547; baseline -0.005 -20"><span class='ocrx_word' id='word_1_159' title='bbox 128 2469 226 2539; x_wconf 86' lang='lat' dir='ltr'>tibus,</span> <span class='ocrx_word' id='word_1_160' title='bbox 242 2467 270 2528; x_wconf 90' lang='lat' dir='ltr'>se</span> <span class='ocrx_word' id='word_1_161' title='bbox 283 2489 363 2527; x_wconf 82' lang='lat' dir='ltr'>arma</span> <span class='ocrx_word' id='word_1_162' title='bbox 377 2468 564 2547; x_wconf 89' lang='lat' dir='ltr'>sumpturum.</span> 
     </span>
    </p>

    <p class='ocr_par' dir='ltr' id='par_1_5' title="bbox 170 2543 807 2626">
     <span class='ocr_line' id='line_1_29' title="bbox 170 2543 807 2626; baseline -0.005 -20"><span class='ocrx_word' id='word_1_163' title='bbox 170 2547 222 2622; x_wconf 89' lang='lat'>78.</span> <span class='ocrx_word' id='word_1_164' title='bbox 240 2545 352 2626; x_wconf 84' lang='lat' dir='ltr'>Ecquid</span> <span class='ocrx_word' id='word_1_165' title='bbox 366 2546 465 2606; x_wconf 85' lang='lat' dir='ltr'>infelix</span> <span class='ocrx_word' id='word_1_166' title='bbox 475 2544 655 2615; x_wconf 88' lang='lat' dir='ltr'>recordaris,</span> <span class='ocrx_word' id='word_1_167' title='bbox 667 2543 735 2623; x_wconf 87' lang='lat' dir='ltr'>quid</span> <span class='ocrx_word' id='word_1_168' title='bbox 746 2562 807 2603; x_wconf 85' lang='lat' dir='ltr'>res·</span> 
     </span>
    </p>

    <p class='ocr_par' dir='ltr' id='par_1_6' title="bbox 129 2622 806 2864">
     <span class='ocr_line' id='line_1_30' title="bbox 153 2622 806 2706; baseline -0.002 -20"><span class='ocrx_word' id='word_1_169' title='bbox 153 2626 267 2686; x_wconf 88' lang='lat' dir='ltr'>onderis</span> <span class='ocrx_word' id='word_1_170' title='bbox 277 2625 294 2684; x_wconf 53' lang='grc' dir='ltr'><em>ᾗ</em></span> <span class='ocrx_word' id='word_1_171' title='bbox 306 2628 336 2685; x_wconf 92' lang='lat' dir='ltr'>in</span> <span class='ocrx_word' id='word_1_172' title='bbox 349 2647 408 2706; x_wconf 90' lang='lat' dir='ltr'>quo</span> <span class='ocrx_word' id='word_1_173' title='bbox 427 2624 468 2683; x_wconf 90' lang='lat' dir='ltr'>illi</span> <span class='ocrx_word' id='word_1_174' title='bbox 483 2644 586 2685; x_wconf 87' lang='lat' dir='ltr'>omnes</span> <span class='ocrx_word' id='word_1_175' title='bbox 600 2623 735 2703; x_wconf 90' lang='lat' dir='ltr'>quidem,</span> <span class='ocrx_word' id='word_1_176' title='bbox 756 2622 806 2685; x_wconf 88' lang='lat' dir='ltr'>sed</span> 
     </span>
     <span class='ocr_line' id='line_1_31' title="bbox 129 2650 806 2785; baseline -0.001 -19"><span class='ocrx_word' id='word_1_177' title='bbox 129 2650 194 2766; x_wconf 73' lang='lat' dir='ltr'>1l&#39;or</span> <span class='ocrx_word' id='word_1_178' title='bbox 216 2723 294 2764; x_wconf 79' lang='lat' dir='ltr'>uatus</span> <span class='ocrx_word' id='word_1_179' title='bbox 313 2724 415 2785; x_wconf 84' lang='lat' dir='ltr'>praeter</span> <span class='ocrx_word' id='word_1_180' title='bbox 426 2720 560 2775; x_wconf 87' lang='lat' dir='ltr'>ceteros,</span> <span class='ocrx_word' id='word_1_181' title='bbox 572 2702 685 2762; x_wconf 80' lang='lat' dir='ltr'>furebat</span> <span class='ocrx_word' id='word_1_182' title='bbox 700 2720 806 2765; x_wconf 89' lang='lat' dir='ltr'>contu·</span> 
     </span>
     <span class='ocr_line' id='line_1_32' title="bbox 131 2780 805 2864; baseline -0.001 -19"><span class='ocrx_word' id='word_1_183' title='bbox 131 2787 223 2845; x_wconf 81' lang='lat' dir='ltr'>macla</span> <span class='ocrx_word' id='word_1_184' title='bbox 239 2784 368 2864; x_wconf 85' lang='lat' dir='ltr'>responsi</span> <span class='ocrx_word' id='word_1_185' title='bbox 387 2785 450 2855; x_wconf 89' lang='lat' dir='ltr'>tui,</span> <span class='ocrx_word' id='word_1_186' title='bbox 467 2800 497 2843; x_wconf 88' lang='lat' dir='ltr'>te</span> <span class='ocrx_word' id='word_1_187' title='bbox 511 2803 572 2843; x_wconf 93' lang='lat' dir='ltr'>non</span> <span class='ocrx_word' id='word_1_188' title='bbox 590 2780 646 2844; x_wconf 87' lang='lat' dir='ltr'>elle</span> <span class='ocrx_word' id='word_1_189' title='bbox 663 2799 721 2842; x_wconf 84' lang='lat' dir='ltr'>tarn</span> <span class='ocrx_word' id='word_1_190' title='bbox 739 2781 805 2844; x_wconf 88' lang='lat' dir='ltr'>for-</span> 
     </span>
    </p>
   </div>
   <div class='ocr_carea' id='block_1_4' title="bbox 129 2861 807 3025">
    <p class='ocr_par' dir='ltr' id='par_1_7' title="bbox 129 2861 807 3025">
     <span class='ocr_line' id='line_1_33' title="bbox 129 2861 807 3025; baseline 0.003 -99"><span class='ocrx_word' id='word_1_191' title='bbox 129 2887 216 2940; x_wconf 92' lang='lat' dir='ltr'>tem,</span> <span class='ocrx_word' id='word_1_192' title='bbox 237 2865 323 2947; x_wconf 75' lang='lat' dir='ltr'>quim</span> <span class='ocrx_word' id='word_1_193' title='bbox 342 2866 400 2948; x_wconf 87' lang='lat' dir='ltr'>ipse</span> <span class='ocrx_word' id='word_1_194' title='bbox 418 2863 585 2946; x_wconf 83' lang='lat' dir='ltr'>Torquatus</span> <span class='ocrx_word' id='word_1_195' title='bbox 606 2866 648 3003; x_wconf 60' lang='lat' dir='ltr'>ipK</span> <span class='ocrx_word' id='word_1_196' title='bbox 660 2861 807 3025; x_wconf 53' lang='lat' dir='ltr'>{pusulam</span> 
     </span>
    </p>
   </div>
   <div class='ocr_carea' id='block_1_5' title="bbox 0 0 1064 3942">
    <p class='ocr_par' dir='ltr' id='par_1_8' title="bbox 0 0 1064 3942">
     <span class='ocr_line' id='line_1_34' title="bbox 0 0 1064 3942; baseline 0 0"><span class='ocrx_word' id='word_1_197' title='bbox 0 0 1064 3942; x_wconf 95' lang='lat' dir='ltr'> </span> 
     </span>
    </p>
   </div>
  </div>
 </body>
</html>
