2117 3942
242 391 339 489 ⁴356
391 391 467 459 Da
490 383 807 458 Pnorrrrcris

246 508 401 570 -scelerum
418 550 428 577 ‚
448 501 590 562 ministros
615 503 803 582 cupiditatum
820 500 948 564 suarum:

299 587 328 646 6.
351 585 468 646 Omitto
485 581 707 662 jurisdiffionem
722 585 750 642 in
767 585 860 643 libera
876 585 948 644 ciri-

169 697 172 702 *
257 683 317 727 tate
338 683 439 726 contra
461 664 563 745 leges,
587 662 755 742 senatusque
784 663 916 723 consulta
935 683 946 723 t

259 747 358 807 caedes·
370 745 524 822 relinquo,
541 744 674 802 libidines
688 761 833 822 praetereo
848 765 856 801 ε
872 764 947 824 qua-

262 849 326 886 rum
344 824 557 884 acerbissimum
575 821 663 882 exstat
681 823 840 897 indicium,
859 822 899 883 &·
909 822 947 883 ad

253 908 403 995 insignem
418 907 651 963 memoriamtur
673 904 809 977 itudinis‚
824 906 856 964 &
870 922 946 984 pene

251 986 299 1047 -ad
327 983 429 1060 rustum
457 985 571 1062 imperii
598 924 684 1042 norfri
711 983 839 1055 odium,
866 982 946 1065 quod

261 1066 396 1137 constat,
419 1065 609 1123 nobilissimas
629 1065 755 1144 virgines
782 1063 812 1124 se
838 1067 868 1122 in
889 1084 946 1142 pu·

256 1165 325 1208 -teos
348 1142 504 1223 abjecisse,
535 1145 567 1202 &
587 1159 683 1203 morte
706 1143 870 1204 voluntarii
892 1162 946 1202 ne-

256 1227 408 1288 eessariam
421 1224 626 1305 turpitudinem
640 1222 788 1304 depuiiffe.
805 1223 870 1282 Nec
884 1222 946 1283 haee

262 1308 373 1367 idcirco
386 1309 510 1376 omitto,
526 1305 605 1385 quod
618 1307 858 1386 non-gravissima
874 1305 946 1377 sint,

262 1386 312 1449 sed
332 1388 396 1466 quia
415 1407 489 1444 nunc
509 1387 571 1444 sine
589 1384 660 1444 teste
678 1386 755 1445 dic-o.

255 1512 259 1519 .
302 1467 364 1527 lV.
386 1465 478 1543 ipsam
505 1466 578 1524 verb
605 1466 707 1525 urbem
735 1465 947 1546 Byzantiorum

264 1544 345 1608 fuiffe
357 1545 573 1606 refertissimam
587 1562 673 1627 atque
685 1547 896 1606 ornatissimam
910 1548 949 1604 si·

263 1628 348 1708 gnis,
361 1629 423 1707 quis
438 1629 445 1685 i
467 1626 571 1685 norat?
588 1647 650 1705 quae
664 1627 721 1697 illi,
737 1625 865 1686 exhausti
877 1625 950 1684 sum·

258 1707 381 1788 pribus,
399 1647 535 1786 belfisque
555 1709 704 1777 maximis,
723 1726 812 1787 quum
831 1705 948 1765 Mithri-

246 1787 374 1847 vdaticos
395 1789 549 1866 impetus,
574 1803 727 1867 totumque
749 1786 876 1846 Pontum
900 1803 948 1844 ar·

264 1886 376 1929 rnatum
394 1912 407 1938 ‚
433 1864 670 1927 effervescentem
688 1869 717 1924 in
742 1866 948 1946 Asiam-atque

259 1965 490 2028 erumpentem,
507 1947 581 2027 aegre
598 1945 761 2026 repulsum,
779 1947 812 2006 &
827 1948 950 2006 cervici-

260 2029 320 2089 ·bus
341 2026 524 2088 interclusum
545 2026 619 2097 suis,
640 2026 835 2097 sustinerent,
858 2041 949 2098 tum,

264 2109 406 2187 inquam,
429 2107 582 2186 Byzantii,
604 2107 635 2165 &
654 2105 753 2186 postea
771 2109 854 2187 signa
873 2106 947 2178 issa,

265 2186 299 2245 &
325 2189 434 2266 reliqua
458 2188 535 2245 urbis
558 2205 751 2258 ornamenta,
775 2185 949 2245 sanffissime

257 2262 426 2339 custodita,
442 2282 603 2326 tenuerunt.
618 2265 665 2326 Te
681 2269 857 2347 imperatore
872 2264 950 2324 infe·

261 2344 401 2407 licissimo
432 2347 464 2402 &
492 2348 673 2419 teterrimo,
700 2345 854 2406 Caesonine
877 2344 951 2406 Cal·

258 2427 369 2496 ¹venti,
388 2426 486 2484 civitas
499 2425 610 2497 libera,
627 2427 658 2486 δι
673 2429 811 2507 proximis
823 2424 879 2485 suis
895 2426 949 2485 be·

250 2503 375 2569 neficiis
395 2503 521 2565 asenatu
540 2507 572 2564 &
591 2529 607 2565 a
627 2508 739 2587 populo
757 2506 896 2566 Romano
912 2505 949 2564 li-

260 2586 388 2657 berata,
411 2587 450 2644 sic
475 2584 491 2645 s
508 2586 618 2656 oliara,
642 2605 728 2668 atque
750 2586 858 2646 nudata
884 2583 946 2657 est,

265 2684 322 2739 ut,
342 2669 395 2726 nisi
412 2664 450 2726 C.
500 2667 630 2747 ugilius,
652 2668 783 2750 legatus,
805 2668 852 2726 vir
868 2663 947 2724 fortis

266 2747 299 2802 &
316 2749 474 2818 innocens,
491 2745 708 2820 interveniffet‚
727 2768 817 2807 unum
836 2748 945 2827 signum

266 2823 399 2900 Byzantii
418 2846 454 2885 ex
473 2829 601 2887 maximo
622 2848 745 2887 numero
764 2826 875 2886 nullum
895 2826 946 2883 lra-

266 2903 379 2968 betent.
401 2905 504 2990 *Quod*
515 2905 615 2969 fanum
632 2910 662 2969 in
680 2907 816 2980 Achaia,
832 2907 889 2988 ‘qui
900 2905 946 2966 lo·
