2117 3942
262 384 343 474 310
373 430 377 435 .
488 367 753 440 omaro*
786 368 921 461 ”“”’“;“”

308 491 338 558 is
352 489 495 576 populus
506 483 614 575 sallus
640 480 857 580 effer-firmius
878 532 890 568 ,
914 485 954 557 id

302 584 379 684 est,
403 581 513 650 aur‘lor
529 581 736 692 obstringcrtrfi
749 580 789 672 se
802 579 882 669 jure
903 585 950 650 ci·

308 681 400 750 vium
414 679 655 759 Romanorum,
669 703 707 745 m
724 677 886 746 civitatem
897 704 950 749 rt-

271 778 273 783 ’
310 777 377 844 nire
386 774 569 842 Romanam
580 826 592 859 ,
606 774 697 865 atque
710 772 790 840 adeo
793 772 865 862 sua
876 774 951 842 civi·

311 873 374 940 tati
395 869 523 961 auferri.
545 871 669 938 Balbus
691 867 865 959 defenfhres
886 871 949 941 lia·

245 1053 250 1066 .
310 971 379 1036 buit
387 968 437 1034 M.
448 963 585 1062 Craffum
596 1016 606 1048 ,
619 966 721 1057 ipfirm
731 966 922 1055 Pompeium
933 988 952 1063 ι·

314 1063 348 1135 ἐν
370 1066 558 1132 Ciceronem.
574 1063 674 1130 Anno
690 1062 775 1130 urbis
789 1065 815 1131 6
808 1084 873 1158 97.
889 1065 948 1133 Ci-

313 1163 431 1229 ceronis
449 1165 501 1230 51.
519 1161 737 1229 FABRICIUS.

262 1384 289 1446 Ι.
310 1317 572 1446 Slauaoritates
589 1398 780 1463 patronorum
792 1382 823 1443 in
838 1380 948 1474 judieiis

262 1465 415 1537 valerent,
434 1466 471 1524 ab
484 1465 665 1545 amplissimis
682 1465 752 1526 vin's
765 1463 800 1524 L.
813 1461 951 1527 Cornelii

263 1545 345 1604 causa
359 1545 474 1606 defensa
491 1544 554 1605 esta:
569 1548 593 1604 si
609 1543 694 1619 usus,
713 1565 730 1603 a
746 1547 946 1625 peritissimis:

263 1627 287 1684 si
302 1629 438 1708 ingenia,
457 1626 494 1686 ab
511 1625 753 1707 eloquentissimis
767 1646 775 1684 ι
789 1627 815 1685 si
830 1624 946 1699 studia,

262 1707 300 1764 ab
323 1708 522 1788 amicissimis,
550 1708 583 1766 &
602 1703 860 1787 quumjbeneficiis
880 1714 946 1768 crim

262 1785 298 1845 L.
322 1783 491 1861 Cornelio,
517 1803 580 1846 tum
605 1787 731 1846 maxima
753 1785 945 1848 familiaritate

263 1865 435 1946 conjuntiis.
454 1866 532 1946 Quae
549 1867 611 1927 sunt
628 1867 712 1946 igitur
729 1885 803 1927 mea
821 1866 943 1947 partes?

263 1948 436 2008 aueioritatis
461 1964 571 2021 tantae,
599 1962 735 2026 quantam
756 1967 813 2006 vos
839 1949 869 2007 in
896 1965 942 2008 me

263 2026 321 2088 elle
336 2027 484 2101 voluistis,
499 2026 565 2086 us‘iis
580 2027 757 2098 mediocris,
771 2028 882 2108 ingenii
895 2028 942 2087 mi·

261 2109 340 2167 nime
357 2108 499 2168 voluntati
514 2109 588 2188 paris
604 2128 694 2167 :nam
709 2110 835 2181 ceteris,
851 2109 940 2188 aqui·

262 2185 315 2245 bus
334 2186 376 2246 est
394 2187 548 2260 defensus,
566 2188 642 2246 hunc
660 2187 769 2246 debere
789 2187 938 2267 plur-imum
975 2248 977 2255 ,

261 2266 374 2338 vide03
391 2288 471 2348 ego,
489 2285 628 2348 quantum
646 2269 673 2327 ei
689 2266 833 2341 debeam,
851 2265 938 2328 osten·
974 2266 984 2345 'g

263 2344 331 2405 dam
347 2346 404 2405 alio
420 2347 500 2407 loco.
517 2347 660 2428 Principio
673 2348 813 2407 orationis
821 2347 903 2407 hoco
980 2358 984 2415 ,“

262 2447 365 2508 pono,
382 2446 430 2486 me
447 2428 603 2500 omnibus,
621 2429 670 2508 qui
684 2429 769 2487 amici
781 2426 889 2488 fuerint
968 2422 984 2505 ξ,

262 2509 314 2567 luti
333 2507 507 2588 &dignitati
524 2529 619 2580 meae,
640 2510 664 2566 si
679 2509 773 2566 minis
790 2504 935 2569 referenda

261 2587 352 2670 gratiis
363 2585 524 2647 satisfacere
536 2588 701 2667 potuerim,
718 2603 747 2646 at
761 2584 936 2667 praedicandi
965 2508 984 2727 Ι

263 2672 297 2728 &
313 2667 447 2728 habenda
463 2669 542 2727 certe
559 2667 623 2727 satis
639 2666 695 2728 effe
710 2665 863 2728 falturum.

304 2768 332 2808 2.
354 2748 431 2827 Quae
449 2747 535 2808 fuerit
552 2746 686 2808 hesterno
705 2747 754 2807 die
771 2744 935 2808 Cn.·Pom·
962 2732 984 2819 ‚k

168 2869 169 2872 =
262 2829 319 2904 peii
341 2829 465 2908 gravitas
487 2831 515 2886 in
539 2827 689 2902 dicendo,
713 2827 854 2901 Iudices,
878 2846 935 2909 qua

262 2906 401 2984 facultas,
417 2927 482 2989 qua
498 2911 603 2989 copia,
619 2929 681 2970 non
698 2910 839 2990 opinione
856 2906 936 2970 taciti
961 2822 985 2991 ἒ
