2117 3942
258 380 395 461 rao'sr
422 395 689 467 Ranrrvn.
773 421 821 500 33

137 500 281 590 rlnemque
297 505 535 586 beneficiorum,
549 534 612 596 quae
628 518 655 573 in
674 536 744 591 nte,
763 520 825 581 fra-

136 610 255 673 tremque
274 601 404 662 meum,
429 591 588 653 &liberos
606 595 719 656 nostros
743 620 822 659 con-¹

136 674 216 732 tulistis
238 708 250 745 5
277 690 345 729 non
365 670 461 729 modi>
485 693 617 754 augere,
643 694 690 734 aut
712 699 819 740 ornare

134 757 280 823 oratione,
305 748 362 809 sed
388 769 588 827 enumerare,
612 772 659 813 aut
679 758 817 838 consequi

133 838 221 915 possit.
252 831 283 891 A·
314 832 521 911 parentibus,
549 833 578 891 id
600 835 678 913 quod
701 838 817 899 necesse

133 933 199 986 erat,
216 933 329 994 parvus
348 910 412 970 sum
428 929 617 992 procreatus;
633 936 649 973 a
663 916 747 974 vobis
763 938 817 976 na-

131 1013 167 1054 tus
183 994 245 1054 sum
271 990 448 1052 consularis.
469 989 515 1050 llli
537 993 607 1052 milri
626 992 742 1054 fratrem
765 998 816 1055 in-

132 1078 290 1156 cognitum,
309 1074 409 1152 qualis
424 1071 536 1131 futurus
553 1071 640 1145 eliet,
656 1073 817 1136 dederunt:

134 1178 182 1214 vos
195 1153 380 1236 speciatum,
406 1153 440 1211 &
458 1151 618 1211 incredibili
633 1155 739 1232 pietate
760 1176 818 1215 co-

136 1240 230 1316 gnitum
244 1231 428 1295 reddidistis.
454 1227 677 1313 Rempublicarn
695 1234 749 1292 illis
766 1256 817 1294 ac·¹

133 1321 187 1396 cepi
203 1315 397 1396 temporibus
421 1328 513 1386 carn,
535 1333 598 1394 quae
619 1332 696 1394 pene
717 1313 815 1375 amilla

132 1396 184 1468 etl3
201 1420 218 1457 a
236 1397 330 1457 vobis
345 1414 414 1454 eam
432 1395 623 1474 recuperavi,
648 1414 734 1476 quam
758 1397 815 1455 ati-

133 1479 238 1555 quando
260 1495 372 1536 omnes
390 1476 474 1533 unius
492 1475 583 1554 operi
604 1472 743 1535 servatam
763 1473 814 1555 jud

134 1560 264 1617 dicarunt.
285 1554 342 1614 Dii
354 1554 536 1614 immortales
552 1555 620 1613 mihi
638 1555 745 1617 liberos
760 1557 815 1617 de⁴

134 1640 227 1697 derunt
248 1659 258 1708 ;
278 1656 339 1695 vos
356 1632 518 1694 reddidistis
537 1654 544 1690 ε
565 1635 654 1696 multa
674 1654 816 1717 praterea

133 1740 147 1775 a
167 1719 216 1777 diis
237 1714 455 1776 immortalibus
476 1731 576 1794 optata
599 1714 744 1776 consecuti
767 1716 817 1776 su-

134 1819 213 1871 mus;
233 1799 292 1856 nisi
309 1793 408 1857 vestra
426 1795 563 1854 voluntas
579 1793 694 1869 fuiffet,
716 1800 818 1858 omni*

133 1880 183 1937 bus
204 1878 309 1937 divinis
331 1876 500 1936 muneribus
521 1874 711 1935 caruiliemus.
738 1877 819 1937 Ves-

135 1979 192 2018 tros
210 1959 334 2038 denique
345 1959 492 2027 honores,
501 1975 576 2033 quos
587 1976 699 2014 eramus
711 1957 820 2035 grada-

140 2044 190 2096 tim
204 2039 325 2120 singulos
336 2036 472 2109 affecuti,
486 2054 565 2093 nunc
579 2057 596 2092 a
605 2036 692 2095 vobis
703 2038 823 2096 univer·

138 2120 182 2179 [οε
198 2119 355 2180 habemus:
375 2137 428 2193 ut,
444 2132 585 2197 quantum
599 2134 683 2176 antea
694 2121 822 2198 parenti·-

137 2203 204 2273 bus,
216 2219 355 2283 quantum
373 2199 426 2258 diis
439 2197 663 2271 immortalibus,
677 2217 818 2279 quantum

138 2281 369 2361 vobismetipsis,
390 2295 502 2338 tantum
516 2278 573 2337 hoc
593 2295 653 2338 tem
676 2300 728 2340 ore
753 2285 819 2340 uni-

137 2383 249 2421 versum
259 2361 364 2421 cuniio
380 2359 492 2440 populo
504 2358 640 2420 Romano
649 2301 822 2421 debeamusa

139 2442 229 2514 Nam,
251 2463 343 2524 quum
355 2439 459 2520 inipso
471 2438 614 2500 beneficio
627 2439 724 2501 vestro
740 2457 823 2500 tanta

139 2523 308 2604 magnitudo
326 2521 367 2581 est
375 2567 387 2594 ,
397 2538 430 2580 ut
441 2520 507 2580 'earn
518 2521 673 2603 complecii
686 2523 823 2580 oratione

138 2625 193 2663 non
210 2606 323 2684 possim
346 2624 353 2660 :
380 2619 443 2661 tum
463 2605 492 2660 in
509 2600 605 2660 studiis
620 2598 722 2660 vestris
742 2617 822 2659 tanta

140 2688 300 2744 animorum
319 2682 465 2742 declarata
481 2679 523 2740 est
544 2681 701 2748 voluntas,
714 2696 744 2737 ut
762 2701 822 2740 non

139 2766 228 2824 iolirnr
256 2765 452 2823 calamitatem
474 2761 543 2818 mihi
570 2757 746 2836 detraxisse,
772 2760 824 2821 sed

141 2849 226 2905 etiam
238 2846 411 2925 dignitatem
421 2838 526 2901 auxilie
538 2839 704 2900 videamini.

178 2924 244 2990 ill.
262 2925 334 2991 Non
349 2928 431 2991 enirn
445 2942 500 3005 pto
515 2941 583 2986 tneo
600 2919 693 3062 rBeditu
703 2967 712 2997 ,
724 2937 756 2983 ut
771 2939 830 3002 pro

647 3023 666 3064 v
