2117 3942
179 398 229 467 62
401 392 625 462 ORATIO

178 508 240 571 dit?
260 502 317 568 Cui
331 507 448 588 quidem
464 531 553 592 quum
572 506 705 569 Ciliciam
719 495 862 582 deditl'esj

175 587 289 652 mutasti
305 587 471 668 padionem
489 635 499 664 ‚
523 587 706 650 &Ciliciam
726 589 763 648 ad
781 611 861 669 pra-⁴

176 688 274 732 rorem
287 671 356 728 item
371 688 451 730 extra
464 671 598 733 ordinem
607 667 788 741 transtulisti3
802 667 863 729 Ga·

175 753 257 819 binio
269 794 280 827 ,
289 751 394 889 pretio
412 749 611 832 amplificato,
630 749 745 830 Syriam
764 752 862 809 nomi*

176 835 266 893 natim
306 830 400 902 ¹edisti.
425 831 532 912 Quid?
553 832 664 891 homini
683 832 860 903 teterrimo,

178 913 376 974 crudelissimo
388 958 397 987 ‚
409 911 612 983 fallacissimo,
630 913 762 971 omnium
776 909 863 972 scele-

178 1015 261 1068 rum,
280 991 486 1076 libidinumque
512 993 631 1052 maculis
651 994 862 1066 notatissimo,

180 1075 214 1134 L.
231 1072 345 1147 Pisoni,
359 1094 458 1134 nonne
469 1075 643 1134 nominatim
654 1072 780 1153 populos
794 1072 864 1132 libe·

179 1173 228 1215 ros
250 1155 345 1215 multis
358 1153 624 1224 senatusconsultis,
644 1157 731 1214 etiam
750 1153 864 1214 recenti

179 1237 248 1318 lege
275 1237 375 1329 generi
394 1237 482 1316 ipsius
505 1234 670 1308 liberatos,
693 1233 808 1295 vindos
829 1233 864 1294 &

180 1313 347 1376 constrrdios
360 1313 521 1374 tradidisti?
535 1333 654 1387 nonne,
668 1335 757 1395 quum
770 1314 806 1375 ab
821 1334 859 1374 eo

182 1415 294 1456 merces
309 1396 351 1454 tui
367 1393 520 1468 beneficii,
539 1397 723 1477 pretiumque
740 1398 865 1476 provin-

181 1478 231 1535 ciae
250 1495 319 1535 meo
339 1474 474 1556 sanguine
496 1476 549 1535 ribi
571 1474 640 1537 ellet
660 1473 866 1558 persolutum,

181 1570 280 1616 tamen
298 1559 427 1616 aerarium
447 1578 512 1616 cum
530 1577 568 1616 eo
586 1558 706 1636 partitus
722 1556 775 1617 ds?

226 1657 274 1709 24.
293 1634 374 1697 Itane
390 1637 492 1696 vero?
519 1654 549 1696 tu
572 1638 737 1718 provincias
758 1635 866 1697 consu·-

182 1718 276 1789 lares,
292 1735 362 1797 quas
380 1715 418 1778 C.
435 1715 606 1791 Gracchus,
623 1722 671 1799 qui
682 1736 754 1777 unus
771 1720 867 1776 maxi-

182 1797 229 1856 me
243 1797 390 1876 popularis
408 1797 461 1856 fuit
470 1840 481 1869 ,
499 1820 561 1857 non
580 1798 671 1858 modo
684 1818 746 1857 non
767 1794 865 1858 abstu-

182 1878 214 1936 lit
232 1877 269 1937 ab
284 1876 465 1951 senatu,sed
485 1881 593 1950 etiam,
612 1897 644 1937 ut
663 1872 774 1940 necell'e
794 1875 866 1938 effer

183 1958 336 2038 quotannis
356 1960 487 2020 constitui
500 1979 553 2041 per
571 1957 699 2021 senatum
717 2002 727 2031 ‚
748 1957 868 2019 decreti

182 2038 248 2119 lege
265 2038 355 2098 sanxit
374 2059 384 2112 ;
405 2059 453 2099 eas
470 2040 497 2098 le
520 2060 536 2098 e
557 2037 730 2121 Sempronii
746 2058 800 2121 per
819 2037 867 2099 se-

183 2135 283 2176 natum
303 2117 433 2178 decretas
452 2137 482 2179 re
495 2117 606 2178 cidisti?
620 2137 701 2199 extra
713 2119 846 2180 ordinem
855 2140 877 2194 ,·

184 2198 246 2256 sine
265 2195 361 2270 sorte,
378 2201 550 2259 nominatim
568 2196 690 2272 dedisti,
709 2219 771 2260 nun
791 2219 867 2261 con·

183 2275 314 2350 sulibus,
341 2275 390 2338 sed
413 2279 578 2360 reipublicae
602 2277 758 2363 pellibus?
783 2300 837 2340 nos
854 2297 877 2355 ,·

183 2357 264 2498 quod
283 2360 524 2429 nominatim‚rei
548 2363 685 2427 ,maximae
706 2374 783 2442 pene
805 2359 871 2441 jam·

206 2437 343 2522 esperatae
361 2437 502 2500 summum
518 2442 615 2507 virum
631 2458 641 2515 ,·
657 2438 694 2501 sce
717 2460 733 2501 e
751 2439 790 2500 ad
810 2458 867 2501 ex·

184 2537 278 2581 trema
305 2520 470 2601 reipublicae
498 2520 659 2585 discrimina
686 2460 830 2584 deletum
843 2538 867 2599 ·,

183 2599 385 2678 praefccimus,
404 2622 420 2661 a
439 2617 470 2662 te
490 2599 759 2685 reprehendemur?

224 2677 264 2737 X.
282 2680 366 2761 Quid
378 2681 516 2758 tandem,
535 2683 580 2756 si,
637 2681 737 2742 ae'tum
749 2680 804 2740 illis
814 2681 869 2741 rei·

183 2757 306 2837 publicae
331 2762 460 2827 tenebris
484 2806 494 2836 ‚
526 2764 664 2846 caeciquc
687 2761 868 2839 nubibus&

182 2834 322 2926 procellis
341 2884 354 2913 ,
375 2863 463 2923 quum
484 2841 614 2904 senatum
631 2863 648 2902 a
668 2842 869 2923 gubernaculis

184 2915 332 2999 dejecilles
352 2921 557 3003 ,populume
578 2920 838 3002 uati-exturbasset
857 2965 870 2998 ‚
