2117 3942
230 365 327 435 Pno
356 365 429 433 CN.
453 363 701 469 Putrem,
737 378 814 457 553

131 476 261 540 nostrtim
279 477 320 540 est
341 479 473 561 cupidior
492 477 579 538 dieii?
602 497 721 560 egone,
744 480 819 560 qui,

131 558 215 641 quod
233 559 288 618 dici
313 564 430 640 potuit,
459 580 521 619 non
540 558 681 630 dixerim3
701 580 736 617 an
763 575 816 632 tu,

172 642 182 698 i
203 642 290 698 etiam
313 641 372 719 ipse
395 642 424 698 in
447 655 478 699 te
498 637 627 698 dixeris?
649 638 697 700 Te
717 640 817 699 aiebas

153 739 172 779 e
188 721 245 778 tuis
264 719 350 780 rebus
371 717 455 800 gestis
467 718 558 776 nullas
574 718 680 777 litteras
699 715 816 794 misisse,

130 798 213 881 qubd
227 799 296 857 mihi
315 818 412 872 meae,
431 818 501 878 quas
519 797 556 856 ad
576 797 699 876 aliquem
719 802 817 859 misis-

130 898 218 952 sem,
237 876 391 938 obfuissent
407 900 414 936 :
433 899 502 958 quas
526 897 583 958 ego
603 877 672 934 mihi
694 877 816 940 obfitisse'

130 980 194 1020 non
216 958 347 1041 intelligo
358 980 368 1033 ;
386 959 548 1039 reipublicae
572 956 662 1017 video
683 957 820 1038 prodeffe

131 1037 267 1122 potuisse.

175 1117 322 1178 XXXV.
334 1118 392 1178 Sed
406 1117 468 1178 sunt
476 1117 538 1177 haec
547 1117 658 1176 leviora
669 1137 676 1174 ε
686 1117 735 1175 illa
744 1119 819 1177 verb

131 1201 284 1280 graviora,
304 1216 390 1279 atque
406 1220 532 1280 magna,
552 1197 631 1278 quod
645 1216 743 1256 meum
759 1198 819 1256 dis·
891 1211 894 1217 '

132 1277 263 1350 cellum,
306 1299 374 1338 uem
395 1277 470 1358 saepe
483 1279 624 1352 defleres,
642 1296 718 1336 nunc
738 1281 820 1358 quasi

131 1299 370 1437 reprehenlerffi
390 1357 613 1420 &subaccusare
628 1355 760 1416 voluisti:
775 1357 820 1416 di·

132 1437 196 1498 xisti
216 1442 313 1513 enirn,
340 1459 401 1499 non
425 1439 561 1499 auxilium
582 1438 673 1510 milri,
699 1437 749 1498 sed
768 1457 819 1500 me

133 1519 242 1579 auxilio
266 1518 394 1580 defuisse.
417 1519 480 1601 Ego
499 1520 571 1580 verb
589 1518 685 1580 fateor
700 1517 820 1580 meher-

134 1600 222 1672 cule,
246 1599 326 1678 qubd
352 1599 476 1658 viderim
501 1600 572 1657 mihi
596 1599 731 1658 auxilium
755 1620 819 1660 non

134 1677 254 1748 deesse,
272 1679 381 1738 idcirco
397 1698 444 1738 me
460 1678 501 1736 illi
517 1678 621 1737 auxilio
637 1676 816 1757 pepercisse:

156 1761 187 1818 ui
207 1760 285 1818 enim
311 1757 421 1829 slatus,
449 1757 530 1838 quod
553 1755 727 1832 discrimen,
754 1778 818 1838 quae

170 1839 224 1898 erit
246 1840 275 1896 in
300 1838 447 1918 republica
476 1835 631 1916 tempestas
659 1836 727 1910 illa,
755 1841 818 1918 quis

135 1916 250 1978 nescit?
268 1916 445 1976 Tribunitius
460 1936 509 1976 me
528 1932 640 1990 terror,
659 1937 695 1974 an
714 1917 820 1977 consu-

136 2000 205 2059 laris
230 1995 309 2056 sutor
332 1995 451 2057 movit?
479 1996 629 2057 decertare
649 1997 718 2056 mihi
740 1995 820 2057 ferro

135 2096 276 2159 magnum
297 2075 350 2134 suit
368 2097 434 2135 cum
456 2075 580 2157 reliquiis
603 2097 726 2151 eorum,
745 2098 820 2158 quos

137 2178 200 2236 ego
225 2156 362 2214 florentes
381 2174 468 2236 atque
492 2158 622 2237 integros
650 2160 711 2218 sine
739 2157 821 2219 ferro

136 2233 291 2297 viceram?
309 2233 450 2298 Consules
463 2235 526 2317 poll
539 2237 689 2298 hominum
702 2248 819 2298 memo·

137 2319 212 2378 riam
231 2319 388 2391 teterrimi,
407 2334 493 2399 atque
510 2320 684 2399 turpissimi,
703 2323 774 2378 sicut
787 2321 821 2377 &

137 2398 188 2457 illa
201 2399 358 2476 principia,
380 2399 412 2458 &
426 2399 454 2457 hi
471 2417 601 2459 recentes
615 2418 710 2458 rerum
728 2400 823 2457 exitus

139 2478 342 2547 declararunt3
361 2497 484 2555 quorum
498 2479 570 2536 alter
586 2479 742 2536 exercitum
753 2497 823 2557 per·
842 2519 844 2523 ψ

141 2557 234 2630 didit,
257 2556 329 2615 alter
347 2555 499 2627 vendidit3
520 2557 626 2635 emptis
646 2559 823 2634 provinciis,¹

141 2661 159 2701 a
182 2636 300 2708 senatu,
317 2656 334 2694 a
358 2635 524 2715 republica,
544 2655 561 2693 a
583 2634 668 2693 bonis
686 2638 822 2698 omnibus

142 2716 333 2783 defecerant:
355 2718 403 2794 qui
429 2715 623 2786 exercitibus,
648 2718 695 2795 qui
714 2722 821 2794 armis,-

143 2799 193 2879 qui
220 2797 323 2876 opibus
351 2795 505 2876 plurimbm
534 2811 690 2876 poterant,
710 2818 821 2880 quum,

144 2875 214 2958 quid
226 2876 381 2949 sentirent,
397 2874 569 2951 nesciretur,
581 2875 686 2936 furialis
700 2880 745 2938 illa
759 2899 822 2941 vox

143 2955 258 3019 nefariis
270 2955 388 3034 stupris,
405 2957 545 3041 religiosis
561 2956 694 3020 altaribus
713 2957 825 3024 effenia

187 3041 286 3098 Tamus
305 3042 334 3101 V
335 3039 362 3105 1.
673 3039 726 3102 Aa
