2117 3942
247 399 376 501 3⁹4*
434 424 436 431 >
467 396 682 464 Ortmo

246 508 275 579 di
314 529 363 570 um
379 524 463 591 putet
477 529 487 581 3
507 508 584 568 nulla
598 530 646 568 me
665 509 701 568 ad
717 505 747 569 id
764 505 848 568 causa
866 509 930 586 int-j

243 589 378 672 puisset,
406 591 461 648 nisi
484 604 515 647 ut
535 587 717 650 ferocitatem
737 588 820 654 ¹tuam
844 587 929 650 istam

243 672 492 750 comprimerem,
515 669 547 728 δι
566 669 715 729 audaciam
736 667 927 750 frangerem,

243 751 277 819 δι
296 750 502 830 loquacitatem
522 751 698 828 paucissimis
717 750 929 830 interrogatio·

242 831 325 890 nibus
351 833 490 889 irretitam
512 828 698 889 retardarem.
726 827 845 888 Etenim
871 829 928 891 de-

241 909 348 981 buisti,
367 908 489 981 Vatini,
511 911 598 968 etiam
619 909 643 969 si
662 907 734 968 salsd
754 906 879 968 venisses
897 912 927 970 itt

242 988 433 1070 suspicionem
449 987 482 1047 P.
499 987 620 1061 Sextio,
638 1004 736 1048 tamen
748 988 819 1046 mihi
831 991 930 1069 ignos-

244 1090 311 1131 cere
331 1116 342 1140 ,
363 1072 386 1129 si
404 1072 531 1128 intanto
550 1069 672 1127 hominis
695 1069 731 1128 de
748 1087 798 1128 me
816 1069 927 1149 optime

178 1152 181 1161 '
243 1152 338 1210 meriti
355 1149 502 1228 periculo,
523 1148 554 1207 ὅ(
572 1151 698 1228 tempori
716 1146 802 1227 ejus,
824 1149 857 1209 &
874 1170 930 1211 vo·

245 1230 344 1290 luntati
364 1248 464 1307 parere
481 1227 642 1287 voluissem.

259 1360 264 1368 .
290 1327 315 1388 3.
337 1306 396 1368 Sed
425 1306 558 1367 hesterno
612 1330 645 1367 ro
673 1307 841 1368 testimonio
872 1305 928 1368 esse

245 1391 420 1461 mentitum,
445 1409 534 1468 quum
558 1330 713 1447 asdrmares
737 1387 849 1446 nullum
870 1388 930 1447 ¹tibi

246 1471 368 1530 omnino
391 1488 457 1526 cum
475 1467 666 1527 Albinovano
685 1466 850 1528 sermonem
869 1489 929 1527 non

247 1549 339 1610 modo
354 1548 391 1607 de
403 1545 502 1608 Sextio
516 1547 697 1620 accusando,
715 1547 763 1608 sed
777 1547 857 1607 nulla
868 1569 931 1607 um-

246 1649 333 1710 quam
353 1627 435 1688 dere
453 1626 557 1700 fuisse,
601 1629 666 1687 auli>
684 1628 750 1687 ante
763 1627 931 1708 imprudens

207 1746 220 1761 ι
245 1705 394 1769 indicasti:
409 1710 458 1789 qui
473 1709 505 1767 &
515 1707 554 1766 T.
570 1649 723 1768 dimdium
737 1723 835 1768 tecum
849 1729 934 1768 com·

247 1787 420 1861 municaffe,
439 1789 471 1847 δι
489 1810 506 1846 a
520 1805 550 1848 te
564 1789 714 1848 consilium
727 1786 761 1846 P.
775 1786 866 1849 Sextii
881 1809 933 1848 ac·

249 1869 362 1931 cusandi
384 1867 508 1948 periise,
528 1869 560 1926 &
580 1868 823 1941 Albinovanum,
842 1889 933 1950 quem

248 1968 333 2012 antea
346 1951 395 2010 vix
408 1949 460 2008 tibi
473 1966 574 2008 notum
589 1946 645 2007 effe
660 1946 792 2022 dixisses,
810 1948 932 2008 domurn

248 2046 329 2091 tuam
344 2027 473 2102 venisse,
494 2028 584 2088 multa
595 2044 691 2095 tecum
706 2028 835 2108 locutum
852 2029 933 2090 dixe·

249 2112 287 2169 ris
302 2130 309 2168 :
325 2108 449 2189 denique
468 2111 625 2169 conciones
641 2107 673 2167 P.
689 2107 777 2168 Sextii
790 2108 933 2188 scriptas,

248 2209 319 2268 quas
335 2209 428 2268 neque
440 2187 551 2258 nosset,
570 2208 665 2269 neque
680 2190 805 2265 reperire
821 2187 938 2269 posset,

249 2283 280 2328 te
301 2267 489 2326 Albinovano
510 2266 642 2340 dedisse,
668 2267 771 2348 easque
795 2270 824 2328 in
849 2267 933 2346 hujus

250 2344 356 2426 judicio
372 2345 428 2407 ess'e
444 2349 584 2408 recitatas.
605 2346 638 2406 In
656 2369 777 2427 quorum
795 2348 889 2408 altero
901 2368 933 2408 es

251 2425 393 2489 confessus
405 2472 414 2499 ,
428 2448 445 2484 a
458 2444 487 2486 te
501 2426 681 2487 accusatores
695 2425 751 2487 effe
764 2426 933 2501 instrusios,

252 2509 285 2571 &
308 2505 479 2568 subornatos
503 2527 512 2579 3
537 2509 566 2565 in
594 2508 685 2567 altero
715 2508 934 2568 inconstantiam

250 2605 329 2647 tuam
349 2607 436 2668 quum
455 2588 599 2658 levitate,
620 2604 681 2646 tum
701 2591 787 2649 etiam
806 2586 936 2668 perjurio

250 2669 424 2746 implicatam
446 2665 572 2727 refellisti
587 2688 593 2725 :
607 2686 722 2744 quun,
749 2688 838 2747 quem
861 2670 934 2729 alie-

249 2749 395 2806 nissimum
411 2770 427 2806 a
441 2764 471 2807 te
486 2745 541 2808 esse
555 2745 686 2818 dixisses,
699 2767 767 2807 eurn
782 2747 864 2808 domi
878 2767 935 2808 tuae

249 2823 350 2896 fuiffe;
367 2847 455 2908 quetn
469 2829 719 2906 praevaricatorem
734 2827 771 2886 ab
789 2829 872 2888 initio
888 2826 935 2905 ju·

251 2902 390 2980 ditasses,
409 2909 435 2968 ei
455 2922 508 2978 te,
528 2927 602 2986 quos
620 2928 653 2964 ro
676 2904 767 2983 affer,
786 2908 825 2970 ad
844 2927 933 2970 accu-

249 2981 368 3049 sandum
383 2985 473 3048 libros
490 2985 595 3048 dixeris
612 2986 648 3048 de
672 2989 678 3000 ’
702 3006 729 3048 e.
