2117 3942
187 404 266 480 5¹0
411 380 640 448 Onam

186 495 311 558 minibus
333 495 403 554 ortis
422 495 480 556 hoc
501 492 601 555 no'stro
623 489 748 575 equestri
772 491 871 552 loco?

186 573 337 656 poffumne
359 577 471 655 eripere
485 576 611 636 orationi
624 590 686 633 'tuae
704 575 871 634 contentio-

186 676 257 716 nem
275 652 401 715 vestram
422 701 432 730 ‚
458 677 521 736 quan
539 655 651 715 tradiati
675 657 738 714 sine
766 673 870 714 contu-

187 737 275 797 melia
292 757 354 797 non
376 735 501 816 potest,
524 737 557 796 &
579 752 609 794 te
628 735 665 794 ad
681 733 795 794 causam
818 735 869 793 ali-

188 815 330 896 quando,
350 818 516 897 crimenque
533 815 700 876 deducere?
718 814 751 875 Si
768 860 778 887 ‚
795 814 871 894 qubd

188 898 292 976 equitis
305 895 433 956 Romani
446 896 519 957 filius
535 895 593 968 est,
609 895 732 958 inferior
749 894 806 956 effe
820 895 869 954 de·

189 977 273 1049 buit,
293 997 396 1037 omnes
410 995 507 1038 tecum
521 979 648 1057 equitum
668 975 868 1036 Romanorum

189 1055 241 1121 filii
261 1058 450 1137 petiverunt:
474 1058 544 1117 nihil
563 1057 630 1116 dico
648 1056 784 1136 amplius.
806 1057 867 1115 Hoc

188 1155 289 1198 namen
302 1140 410 1209 miror,
427 1158 477 1196 cur
486 1155 518 1197 iu
530 1138 596 1196 huic
612 1139 798 1216 potissimiim
808 1138 868 1194 iras·

189 1239 285 1290 care,
309 1219 359 1298 qui
379 1218 427 1277 lon
450 1219 543 1276 issimi
564 1239 580 1276 a
601 1232 630 1275 te
655 1216 758 1276 abfuit.
785 1215 809 1295 Ε
845 1218 866 1272 i·

190 1298 283 1370 dem,
303 1299 327 1356 si
345 1237 482 1377 quando,
499 1315 530 1357 ut
547 1295 598 1369 fit,
612 1293 704 1373 jadior
721 1301 754 1355 in
772 1315 816 1356 tur
835 1317 866 1367 a,

188 1399 252 1439 non
271 1377 352 1437 illum
370 1377 473 1437 accuso
490 1421 499 1449 ,
518 1379 567 1458 qui
589 1375 630 1436 est
650 1378 690 1435 in·
703 1375 813 1437 summa
829 1375 844 1436 s
853 1406 868 1422 -

188 1479 241 1517 cra
258 1460 306 1518 via
322 1501 336 1527 ,
352 1477 441 1536 quum
462 1477 518 1537 ego
538 1457 575 1516 ad
593 1457 716 1517 Fabium
734 1457 870 1517 fornicem

190 1537 346 1617 impellor3
365 1535 414 1597 sed
434 1556 521 1609 eum,
544 1539 592 1618 qui
608 1540 638 1596 in
652 1558 701 1600 me
721 1538 814 1618 ipsum
830 1540 869 1597 in·

189 1618 303 1690 currit,
325 1631 412 1698 atque
434 1617 545 1677 incidit.
575 1616 623 1677 Tu
639 1637 738 1699 neque
758 1618 801 1699 Q
818 1617 868 1677 Pe·

187 1697 241 1759 dio
261 1742 271 1770 ,
290 1695 360 1757 forti
377 1700 470 1771 viro,
492 1696 663 1772 succenses,
689 1719 789 1780 neque
811 1699 869 1757 huic

190 1778 232 1838 A.
253 1777 370 1851 Plotio,
393 1780 575 1839 ornatissimo
588 1779 700 1839 homini
716 1825 728 1850 ,
746 1779 871 1840 familiari

189 1879 260 1921 meo
271 1879 281 1932 ;
294 1859 325 1920 δι
341 1858 378 1918 ab
396 1879 454 1930 eo,
468 1862 516 1939 qui
533 1859 586 1918 hos
601 1859 743 1931 dimovit,
760 1863 869 1940 potins,

191 1940 279 2020 quim
294 1940 330 1999 ab
348 1941 401 2012 iis,
417 1941 467 2020 qui
476 1943 505 1999 in
517 1956 548 2000 ne
561 1938 650 2020 ipsum
663 1941 868 2011 incubuerunt,

191 2037 222 2079 te
238 2018 386 2100 depulsum
402 2036 496 2100 putas.

237 2099 283 2159 18.
311 2099 370 2160 Sed
388 2117 486 2161 tamen
502 2099 564 2158 haec
576 2099 627 2159 tibi
649 2098 690 2160 est
704 2104 869 2181 primatum

190 2176 308 2238 Plancio
336 2185 447 2260 generis
469 2178 582 2252 vestri,
603 2179 779 2261 familiaeque
803 2202 869 2240 con·

187 2260 312 2330 ¹tentio,
338 2261 395 2338 quai
414 2261 465 2320 abs
490 2275 521 2320 te
546 2262 696 2319 vincitur:
723 2283 775 2320 cur
800 2263 869 2320 enim

190 2359 253 2397 non
267 2336 424 2410 confitear,
439 2340 519 2419 quod
534 2338 647 2400 necesse
666 2339 729 2401 est?
747 2341 799 2401 sed
814 2360 870 2400 non

189 2418 237 2483 hic
251 2420 362 2500 magis,
378 2420 465 2498 quim
481 2439 538 2500 ego
553 2423 655 2480 anneis
669 2423 870 2502 competitori-

189 2500 265 2572 bus,
288 2501 320 2560 &
337 2498 425 2573 aliis,
447 2501 526 2561 &in
547 2500 707 2561 consulatiis
730 2505 870 2581 petitione

191 2581 340 2641 vinceban.
366 2579 425 2640 Sed
447 2581 537 2652 vide,
561 2601 598 2641 ne
621 2582 681 2640 haec
703 2581 791 2662 ipsa,
812 2602 871 2663 qua

191 2661 339 2741 despicis,
370 2662 435 2723 huic
463 2659 612 2742 suffragata
637 2665 703 2721 sint.
727 2661 774 2721 Sic
799 2664 872 2721 enim

190 2741 386 2802 conferamus.
407 2740 456 2802 Est
474 2759 555 2801 tuum
570 2762 680 2802 nomen
693 2744 817 2826 utraque
833 2742 847 2801 f
859 2773 871 2788 ·

189 2820 267 2880 milia
288 2822 445 2882 consulare.
470 2821 548 2882 Num
563 2822 675 2882 dubitas
687 2825 793 2904 igitur,
808 2825 873 2901 quin

190 2917 314 2977 omnes,
331 2905 380 2986 qui
393 2902 494 2967 favent
513 2904 679 2979 nobilitati,
697 2906 746 2989 qui
766 2905 795 2965 id
816 2923 871 2990 pu·
