2117 3942
224 363 298 440 144
441 346 661 422 ORATIO

259 478 288 538 9.
301 457 401 542 ltaque
413 483 489 522 nunc
506 465 638 542 proxima
652 463 757 528 concio
771 461 834 544 ejus
847 485 898 526 ers

214 539 355 620 [pedatur
369 542 406 602 de
417 543 563 623 pudicitia.
578 544 661 623 Quid
674 546 750 607 enim
762 545 922 620 intensis

217 623 312 687 utrum
328 623 365 681 ab
378 623 512 683 altaribus
529 623 747 706 religiosissimis
762 623 896 707 sugatur,

217 701 255 760 de
272 700 354 770 sacris
373 704 405 765 ὃ(
423 705 609 785 religionibus
627 722 840 788 conqueratur,
858 727 895 767 att

217 801 253 842 et
272 780 401 853 sotorum
426 785 558 846 cubiculo
580 784 728 868 egressus,
750 786 894 867 pudorem

216 862 439 946 pudicitiamque
460 864 628 927 defendat?
658 864 841 946 Responsum
862 889 894 927 a·

215 942 355 1025 ruspicum
374 948 431 1007 hoc
449 967 548 1008 recens
565 946 602 1008 de
619 946 756 1019 fremitu,
770 948 801 1005 in
820 968 894 1008 con-

215 1026 301 1087 cione
320 1030 450 1087 recitavit
464 1048 473 1100 ;
489 1030 518 1087 in
542 1049 601 1109 quo
625 1049 690 1093 cutn
714 1027 775 1095 aliis
797 1027 893 1094 multis

215 1104 348 1187 ‚scriptum
360 1112 447 1171 etiam
460 1108 530 1169 illud
545 1107 585 1168 est
600 1106 653 1188 (id
665 1106 744 1188 quod
758 1107 891 1189 audistis)

214 1187 277 1247 loca
284 1190 387 1267 fincta,
402 1192 429 1251 δ’
445 1189 567 1272 religiofiz
578 1232 588 1262 ‚
599 1187 718 1270 profana
735 1189 840 1249 haberi.
857 1187 889 1248 ln

215 1287 250 1349 ea
268 1269 349 1340 causa
365 1269 421 1333 effe
439 1271 507 1330 dixit
525 1270 645 1329 domurn
658 1288 776 1343 meam,
793 1271 889 1331 areli-

213 1351 376 1429 giosissimo
394 1351 565 1422 sacerdote,
582 1348 614 1417 P.
632 1346 766 1422 Clodio,
784 1348 889 1413 conse·

213 1447 334 1495 crutam.

256 1531 302 1574 10.
320 1513 446 1579 Gaudeo
463 1512 534 1573 mihi
547 1511 584 1573 de
597 1526 660 1571 toto
679 1510 736 1571 boc
752 1508 888 1585 ostento,

208 1593 390 1668 quodbaud
414 1594 494 1667 scio,
515 1614 551 1653 an
574 1594 770 1674 gravissimum
796 1593 888 1652 multis

207 1669 250 1728 his
267 1677 348 1733 annis
362 1676 427 1735 huic
442 1674 536 1735 ordini
548 1675 707 1733 nuntiatum
721 1675 777 1745 sit,
791 1672 887 1735 datam

204 1767 266 1809 non
283 1755 378 1814 modb
396 1753 521 1835 justam,
537 1751 586 1814 sed
604 1755 690 1814 etiam
704 1750 888 1814 necessariam

198 1829 320 1899 causam
340 1833 398 1895 effe
424 1836 548 1904 dicendi.
569 1833 728 1916 Reperietis
740 1835 833 1895 ‘enim
853 1852 888 1893 er

198 1904 258 1968 hoc
278 1927 350 1983 toto
391 1917 530 1999 rodigio,
550 1932 635 1995 ‚atque
655 1910 816 1993 responso,
836 1933 888 1974 not

196 1985 238 2044 de
257 1988 339 2051 istius
359 1937 468 2063 sdelere
485 2021 518 2060 ac
538 1992 656 2065 furore,
671 2015 703 2054 ac
720 1992 759 2059 de
775 1995 888 2074 impen-

190 2064 339 2135 ,cleutibus
366 2077 682 2155 periculismaximis,
708 2076 805 2155 prope
830 2072 888 2153 jam

186 2165 272 2221 yoce
284 2149 303 2208 J
305 2154 377 2213 ovis
391 2162 499 2236 optimi
509 2160 624 2227 maximi
635 2157 819 2238 praemoneri.
832 2153 888 2217 Sed

181 2225 325 2288 orimum
346 2239 479 2315 expiabo
499 2241 666 2322 religionem
684 2235 790 2303 aedium
806 2255 889 2297 mea-

194 2322 278 2379 um,
299 2310 329 2367 si
350 2312 385 2370 id
410 2315 508 2382 facere
531 2321 629 2393 vete,
652 2338 684 2385 ac
709 2317 770 2377 Sine
793 2314 890 2396 culm·

194 2400 274 2459 mm
289 2387 491 2462 dubitatione
502 2417 606 2483 potero
619 2401 679 2459 :sin
692 2393 836 2477 scrupulus
848 2414 890 2457 te·

170 2464 350 2557 fidissimus
370 2480 509 2543 residere
526 2481 625 2562 aliquis
643 2476 811 2551 videbitur3
832 2498 889 2537 non

170 2545 278 2619 nodi>
303 2554 470 2635 patienti,
489 2561 540 2623 sed
565 2563 651 2620 etiam
671 2558 773 2618 libenti
793 2561 888 2619 animo

170 2640 228 2699 5⁰1
229 2630 336 2691 tentis
353 2633 494 2711 deorum
506 2639 710 2712 immortalium
722 2683 731 2721 ,
745 2639 889 2722 religioni·

170 2716 227 2777 {ue
276 2711 401 2787 arebo,
537 2757 539 2761 -
613 2716 615 2723 ’

206 2725 280 2855 Vf·
305 2786 380 2853 Sed
404 2820 477 2880 quae
498 2805 616 2866 tandem
635 2797 675 2861 est
696 2802 724 2859 in
746 2799 805 2867 hoc¹
820 2799 889 2863 urbs

170 2862 251 2918 anta
273 2864 430 2956 domus,
451 2886 491 2947 ab
510 2885 561 2951 ista
577 2883 721 2967 religionis
737 2879 892 2964 suspicione

353 3018 356 3023 .
833 2977 892 3025 tam
