2117 3942
175 334 255 416 544
398 315 622 386 Oumo

177 437 256 498 enirn
273 430 312 492 illi
329 427 459 509 judices,
474 431 497 488 si
510 427 644 507 judices,
664 426 699 489 ἃ
716 447 781 490 non
796 448 857 511 per·

174 512 270 574 ricidae
287 512 384 591 patriae
403 509 573 569 nominandi
588 508 673 583 sunt,
695 513 858 591 graviorem

177 606 335 675 potuerunt
363 588 528 670 reipublicae
555 589 689 669 infligere
720 589 858 664 securim,

176 671 284 753 quam,
304 691 395 750 quum
413 669 494 729 illum
514 688 532 729 e
550 670 674 729 civitate
691 667 860 748 ejecerunt,

176 752 226 831 qui
254 769 361 831 praetor
386 747 538 821 finitimo,
571 746 672 808 consul
701 747 860 812 domestico

177 829 258 893 bello
277 830 486 911 rempublicam
507 828 663 889 liberarat?
866 836 868 841 '

218 929 269 986 71.
288 910 330 969 At
350 912 428 969 enim
444 909 526 967 nimis
541 926 599 990 ego
617 929 764 990 magnum
776 910 860 971 bene·
899 907 900 918 ¹

179 987 277 1051 ficium
290 989 408 1049 Plancio
424 987 520 1061 facio,
544 989 600 1062 &,
620 1006 652 1047 ut
671 990 737 1063 ais,
755 989 786 1049 id
798 1002 862 1051 ver·¹

178 1070 224 1130 bis
237 1090 398 1152 exaggero:
415 1069 582 1147 quasivero
601 1087 649 1129 me
669 1084 723 1138 tuo
745 1071 870 1129 arbitra?

180 1166 235 1222 tu,
255 1151 287 1208 dt
308 1171 368 1208 non
389 1167 482 1222 meo,
502 1164 616 1229 gratum
640 1145 700 1209 effe
720 1151 870 1230 oporteat'

180 1228 276 1308 Quod
292 1227 367 1287 istius
388 1245 500 1288 tanturn
520 1228 679 1302 meritum,
699 1229 813 1310 inquit?
829 1247 861 1288 an

180 1311 248 1390 quia
263 1325 293 1368 te
313 1328 373 1369 non
391 1307 554 1390 jugulavit?
578 1312 671 1368 immo
690 1310 859 1388 vero,quia

179 1386 302 1470 jugulari
321 1386 412 1470 passus
433 1409 493 1447 non
514 1386 565 1448 est.
591 1387 665 1468 Quo
694 1389 812 1469 quidem
832 1405 860 1446 tu

179 1469 269 1542 loco,
280 1464 377 1540 Cassi,
387 1470 473 1528 etiam
485 1488 539 1547 pur
560 1465 610 1526 asti
619 1465 758 1529 inimicos
770 1488 854 1539 meos,

180 1566 312 1628 meaeque
331 1549 399 1606 vitae
415 1547 504 1606 nullas
522 1488 561 1607 ad
576 1547 630 1606 illis
648 1548 768 1609 insidias
789 1545 860 1608 fuide

180 1624 283 1688 dixisti.
295 1625 391 1687 Posuit
403 1626 460 1687 hoc
471 1626 552 1687 idem
559 1627 738 1688 Laterensis.
754 1628 859 1709 Quam·

182 1707 286 1769 obrem
300 1706 338 1768 de
353 1705 407 1767 isto
426 1707 512 1788 paulo
527 1705 592 1788 post
605 1708 688 1788 plura
705 1710 815 1769 dicam:
826 1708 861 1766 de

181 1802 213 1849 te
234 1789 345 1848 tantum
366 1791 498 1868 requiro,
512 1790 608 1847 utrum
622 1805 709 1868 putes
728 1788 862 1863 odium-in

181 1887 231 1929 me
245 1867 392 1928 mediocre
405 1870 588 1927 inimicorum
605 1867 698 1930 fuisse.
712 1869 804 1949 Quod
814 1866 860 1927 fuit

182 1949 308 2009 ullorum
330 1969 466 2028 umquam
484 1948 674 2009 barbarorum
690 1966 750 2009 tam
768 1952 861 2009 imma·

183 2047 244 2098 ne,
264 2050 297 2088 ac
315 2046 374 2087 tam
397 2029 512 2088 crudele
533 2031 562 2087 in
580 2027 717 2089 hostem?
738 2051 775 2089 an
789 2025 862 2088 firiffe

182 2111 213 2166 in
235 2110 268 2167 iis
288 2108 413 2188 aliquem
432 2126 478 2167 aut
496 2108 580 2168 famae
599 2125 715 2169 metum
725 2153 739 2182 ,Α
752 2126 798 2169 aut
809 2129 861 2188 poe·

181 2208 247 2258 πω,
265 2208 388 2266 quorum
405 2187 499 2247 vidisti
515 2206 583 2248 toto
604 2189 655 2248 illo
669 2210 749 2249 anno
764 2187 862 2248 ferrum

182 2265 213 2324 in
226 2264 291 2324 foro
300 2309 315 2334 ,s
323 2268 469 2326 flammam
480 2271 509 2326 in
525 2267 671 2341 delubris,
689 2273 752 2329 vim
764 2272 793 2327 in
805 2283 862 2326 tota

183 2344 254 2404 urbe
273 2344 399 2404 versari?¹
416 2349 468 2405 nisi
487 2346 563 2406 forte
581 2346 745 2422 existimas,
759 2368 806 2409 eos
818 2345 858 2404 id·

183 2428 261 2486 circo
280 2426 351 2485 vitae
368 2445 441 2484 meae
461 2424 641 2506 peperciffe‚
665 2430 746 2509 qudd
768 2428 801 2488 de
817 2444 860 2486 re-

184 2505 247 2565 ditu
269 2525 340 2565 meo
362 2527 421 2565 non
451 2509 600 2568 timerent.
629 2509 668 2568 Et
694 2526 862 2591 quemquam

183 2602 268 2722 Ηυῐες
283 2584 362 2646 fuiss‘e
375 2605 436 2645 tam·
449 2588 629 2657 excordem,
645 2610 716 2669 qur,
733 2592 806 2650 vivis
815 2588 863 2656 his,

209 2684 275 2726 ante
295 2665 365 2726 urbe
388 2668 420 2726 &
447 2667 545 2740 curii,
564 2667 727 2728 rediturum
752 2689 821 2739 me,
843 2667 863 2734 si

184 2745 338 2818 viverem,
355 2768 413 2807 non
433 2747 569 2827 putatet?
589 2746 800 2826 Quamobrem
810 2765 863 2806 non

185 2819 273 2885 dehet
287 2828 310 2886 is
326 2828 438 2904 horno,
458 2828 489 2891 ὃ(
505 2830 528 2888 is
545 2829 614 2893 civis
632 2826 864 2910 praedicaturi·
