2117 3942
101 427 105 431 ,
185 369 263 464 506
410 366 630 435 Onrrro

180 484 261 543 beri:
280 480 324 540 sin
339 495 437 541 autem
452 482 545 541 mavis
560 477 617 539 esse
635 477 793 555 judicium3
809 499 869 543 non

180 565 233 625 tibi
245 561 275 620 id
286 559 508 622 rescindendum
520 558 561 621 est
571 605 580 632 ,
590 559 640 619 sed
657 557 825 620 ferendum.

226 661 270 700 rr.
296 639 378 700 Male
395 638 536 720 judicavit
552 640 696 721 populus:
713 657 743 700 at
761 639 868 719 judici·

177 724 234 784 vit.
260 719 331 780 Non
354 721 475 782 debuit:
501 737 530 781 at
554 721 661 802 potuit.
689 718 764 780 Non
788 720 867 782 fero:

180 819 211 863 at
238 802 321 861 multi
341 801 490 863 clarissimi
515 802 548 861 &
570 800 773 883 sapientissimi
795 804 870 863 cives

180 882 327 944 tulerunt:
344 881 385 944 est
401 885 479 943 enim
491 882 553 942 haec
568 881 699 942 conditio
715 881 868 942 liberonrnr

181 965 384 1046 populorum,
402 962 604 1044 praecipusque
630 959 717 1041 hujus
737 965 867 1044 principis

182 1067 223 1128 po
246 1045 313 1118 uli,
333 1045 365 1105 &
385 1046 515 1103 omnium
537 1044 667 1124 gentium
687 1042 819 1118 domini,
840 1063 869 1103 ac

182 1066 321 1198 vitloris,
335 1122 417 1205 polle
437 1121 573 1204 suffragiis
591 1123 640 1183 vel
654 1123 724 1183 dare
734 1169 744 1195 ,
755 1124 807 1184 vel
822 1123 870 1184 de·

184 1206 318 1279 trahere,
339 1204 419 1286 quod
437 1205 531 1277 velit,
545 1207 669 1284 cuique:
687 1202 820 1263 nostriim
835 1201 869 1264 ell

184 1303 302 1359 autem,
314 1289 364 1366 qui
376 1289 405 1344 in
415 1285 468 1344 hac
480 1283 653 1366 tempestate
666 1283 772 1365 populi
790 1283 871 1364 jade-

185 1387 250 1430 mur
265 1387 299 1426 ac
313 1366 465 1440 slusiibus,
483 1364 560 1427 ferre
572 1365 690 1425 modice
702 1367 807 1446 populi
823 1386 871 1424 vo·

185 1447 329 1520 limares,
351 1446 466 1507 allicere
480 1447 608 1518 alienas,
620 1445 748 1505 retinere
763 1462 872 1526 partas,

185 1529 300 1611 placare
320 1527 446 1586 turbatas
467 1547 475 1585 ι
499 1528 629 1587 honores
651 1527 674 1584 si
695 1528 796 1608 magni
815 1546 872 1586 non

186 1625 338 1691 putemus,
352 1628 413 1668 non
425 1606 532 1668 servire
545 1607 659 1689 populo
672 1626 681 1679 ;
698 1610 742 1666 sin
759 1627 812 1667 eos
827 1627 874 1668 ex·

189 1706 343 1773 petamus,
362 1709 423 1749 non
440 1687 592 1769 defatigari
609 1687 811 1768 supplicando.

230 1769 271 1830 V.
296 1768 396 1829 Venio
406 1790 482 1828 nunc
494 1769 530 1828 ad
543 1771 630 1849 ipsius
641 1767 746 1850 populi
763 1785 875 1849 partes,

189 1866 223 1909 ut
236 1851 310 1909 illius
332 1866 433 1908 contra
452 1867 482 1909 te
504 1853 635 1908 oratione
655 1851 773 1928 porilrs,
795 1847 875 1929 quim

190 1931 277 2004 med,
297 1929 438 2010 disputem
449 1949 458 2002 3
479 1932 528 2009 qui
548 1932 571 1988 si
589 1947 687 1988 recum
706 1929 875 2011 congredia-

190 2029 259 2085 tur,
279 2011 311 2069 &
329 2013 352 2070 si
365 2011 422 2071 und
440 2030 517 2070 voce
536 2008 616 2089 loqui
632 2011 745 2089 possit,
762 2011 825 2070 haec
838 2009 876 2068 di·

191 2110 260 2152 cat:
278 2089 302 2150 E
324 2112 343 2150 o
361 2092 434 2165 ribi,
453 2089 636 2161 Laterensis,
656 2088 809 2150 Plancium
822 2109 875 2149 non

119 2190 122 2195 ’
192 2111 364 2251 anteposui3
385 2172 462 2244 sed,
482 2192 574 2252 quum
594 2168 687 2231 effetis
707 2173 792 2252 aeque
814 2170 876 2231 boni

192 2253 269 2324 viri,
287 2271 386 2311 meum
401 2251 576 2312 beneficium
589 2253 687 2331 potiirs
699 2251 737 2311 ad
751 2273 820 2312 eum
833 2251 878 2310 de·

193 2332 271 2406 tuli,
300 2334 350 2411 qui
370 2353 388 2390 a
410 2351 458 2390 me
484 2332 707 2405 contenderat,
730 2334 820 2414 quim
846 2329 877 2388 ad

195 2430 283 2484 eum,
298 2413 346 2492 qui
362 2412 432 2492 mihi
446 2429 510 2471 'non
527 2414 611 2471 nimis
623 2411 758 2472 submissi
778 2412 879 2494 suppli·

195 2511 284 2555 rarat.
305 2491 527 2574 Respondebis,
547 2492 636 2554 credo
652 2538 661 2567 ,
680 2509 712 2554 te
729 2493 880 2575 splendore

197 2577 232 2639 ὃ(
254 2572 394 2636 vetustate
416 2573 532 2634 familiae
552 2574 689 2648 fretum,
710 2596 775 2634 non
799 2572 880 2636 valde

196 2655 384 2716 ambiendum
401 2654 527 2737 putasse:
544 2673 573 2715 at
591 2656 664 2716 vero
679 2670 710 2714 te
727 2657 778 2716 ille
791 2655 828 2715 ad
840 2653 881 2714 sua

195 2734 351 2812 instituta,
379 2736 553 2818 suorumque
576 2734 722 2815 majorum
751 2734 882 2816 exempla

197 2818 364 2877 revocabit:
379 2817 491 2900 semper
505 2817 534 2878 se
550 2817 628 2877 dicet
643 2820 761 2898 rogari,
774 2818 882 2896 semper

198 2896 253 2958 sibi
272 2896 422 2981 supplicari
438 2897 577 2965 voluisse:
593 2897 756 2980 M..Sejum
768 2943 778 2975 ,
791 2901 883 2981 quine
