2117 3942
177 376 231 454 32
339 358 465 427 OM
484 373 582 426 110
618 361 678 433 lli

176 474 238 544 illi,
251 470 371 531 &mihi
388 462 454 532 euin
471 469 643 532 reddidistis.
660 473 720 533 Res
735 471 860 534 familia*

175 550 282 612 ris-sua
305 571 449 633 quemque
471 551 621 612 delean:
644 555 762 634 reliquae
785 574 859 614 meae

174 634 298 693 fortune
314 650 491 712 recuperate
502 632 566 712 plus
580 632 649 713 mihi
661 655 737 692 nunc
750 635 861 714 voiun-

174 716 240 772 tatis
256 710 395 785 afferunt,
413 712 501 793 quim
517 728 585 771 tunc
600 713 740 774 incolumi
758 712 862 774 affere·

171 796 254 853 bant.
275 791 443 866 Amicitiae,
462 790 705 867 consuetudines,
724 792 862 854 vicinita-

177 891 244 942 tes,
260 872 423 946 clientelae,
439 871 500 932 iudi
514 872 638 953 denique
656 875 688 933 &
704 874 766 934 dies
778 872 860 947 festi,

175 951 245 1033 quid
263 951 403 1013 haberent
420 953 597 1031 voluptatis;
619 954 747 1014 carendo
769 958 859 1036 magis

175 1031 330 1106 intellexi,
348 1031 436 1113 quim
453 1031 590 1093 fruendo.

218 1133 248 1186 4.
266 1111 331 1173 Iam
353 1113 425 1174 verb
444 1113 564 1187 honos,
587 1113 732 1196 dignitas,
754 1113 860 1186 locus,

171 1193 275 1266 ordo,
293 1191 434 1254 beneficia
456 1195 575 1264 vestra,
597 1214 768 1274 quamquam
787 1195 861 1255 mihi

173 1272 287 1354 semper
299 1273 453 1333 clarissima
463 1272 522 1334 visa
531 1274 613 1344 sunt,
623 1293 720 1335 tamen
732 1294 767 1333 ea
778 1294 857 1334 nunc

174 1366 317 1415 renovata
335 1399 347 1426 ,
368 1352 518 1414 illustriore
538 1354 673 1414 videntur
696 1399 705 1427 ‚
726 1355 814 1434 quim
835 1357 859 1415 si

175 1433 403 1494 obscuratanon
418 1431 518 1494 essent.
541 1433 603 1514 Ipsa
623 1452 720 1494 autem
742 1438 857 1514 patria,

176 1515 217 1572 dii
239 1514 438 1574 immortales!
456 1514 510 1574 dici
523 1518 572 1576 vix
589 1513 707 1594 potest,
727 1515 798 1595 quid
811 1536 860 1575 ca·

175 1596 284 1666 nitatis,
297 1594 366 1676 q'uid
377 1595 536 1675 voluptatis
548 1595 635 1655 habet
649 1595 656 1654 !
668 1615 730 1674 quae
749 1593 857 1676 species

175 1673 265 1735 Italiae
286 1676 293 1734 !
316 1696 379 1756 quae
401 1675 553 1736 celebritas
577 1675 856 1757 oppidorumque!

176 1755 272 1816 forma
290 1777 321 1816 re
342 1757 443 1816 ionum
464 1756 471 1814 !
491 1759 541 1837 qui
557 1755 636 1837 agri!
651 1776 714 1837 quae
737 1754 856 1836 fruges!

176 1857 241 1918 quae
261 1777 445 1918 pulciiritudo
458 1837 535 1896 urbis
549 1835 556 1894 !
572 1858 634 1916 quae
648 1837 807 1900 humanitas
819 1836 858 1895 ci·

173 1922 260 1981 .vium
272 1919 280 1979 Ι
290 1926 353 2000 qu'ae
363 1917 525 2003 reipubiicae
536 1917 657 1999 dignitas
668 1916 676 1974 l
692 1937 754 1996 quae
762 1913 857 1976 vestra

174 1998 331 2078 majestas!
350 2001 452 2080 quibus
470 2019 528 2080 ego
547 1999 680 2057 omnibus
701 2011 785 2056 antea
802 2015 855 2056 re-

172 2080 229 2136 bus
250 2083 290 2136 sic·
306 2079 441 2150 fruebar,
458 2094 489 2136 ut
507 2097 599 2135 nemo
612 2077 713 2156 magis.
734 2075 793 2136 Sed
812 2078 855 2136 si·

174 2171 223 2213 cut
244 2155 324 2213 bona
336 2155 477 2214 valetudo
499 2153 652 2231 jucundior
669 2154 711 2215 est
725 2157 784 2230 eis,
805 2158 854 2237 qui

172 2251 192 2291 e
213 2235 294 2312 gravi
310 2233 415 2293 morbo
442 2235 564 2292 recreati
585 2231 648 2293 sum
668 2280 677 2306 ,
697 2235 783 2315 quim
805 2240 854 2317 qui

168 2330 331 2393 numquam
353 2332 432 2394 aegro
456 2332 581 2392 corpore
602 2312 740 2388 fuerunt3
760 2319 854 2377 sicea

172 2395 272 2454 omnia
300 2391 460 2453 desiderata
485 2394 606 2473 magis,
630 2394 717 2476 quim
740 2396 852 2457 assidu&

172 2491 331 2554 percepta,
351 2472 504 2533 deleda'nt.
775 2507 779 2514 ·

214 2554 256 2615 11.
274 2552 421 2634 Quorsum
437 2554 522 2634 igitur
539 2551 600 2612 haec
614 2553 749 2634 disputo?
765 2577 854 2637 quor·

168 2629 262 2694 sum?
291 2652 322 2696 ut
345 2634 504 2716 intelligere
533 2636 676 2712 possitis,
704 2639 853 2697 neminem

79 2766 84 2779 ,
171 2728 310 2790 umquam
335 2715 414 2775 tanti
434 2713 598 2792 eloquenti&
618 2713 728 2789 fuiffe‚
755 2737 851 2798 neque

171 2805 231 2849 tam
244 2791 343 2851 divino
356 2808 442 2874 atque
455 2792 614 2852 incredibili
627 2815 734 2875 genere
753 2797 852 2858 dicen·

173 2869 221 2942 di,
241 2871 295 2950 qui·
305 2870 466 2934 nestrorum
481 2874 709 2955 magnitudinem
720 2878 851 2950 amititu-⁴

75 3092 204 3379 Ὗ
