2117 3942
301 340 306 347 .
334 384 437 454 Pro
460 384 512 454 M.
536 386 712 458 cmo.
775 397 857 483 425

174 518 263 561 manu
282 514 398 561 teneret
424 504 532 561 veneni
622 501 725 564 'dem-i
749 524 813 585 quae
830 505 858 564 εἰ
973 518 976 524 “

193 599 263 638 unm
282 576 343 658 jam
365 597 426 640 erat
447 581 551 641 tradita
585 584 681 657 ervis,
701 583 858 644 evasissent

172 600 267 719 zrbitb
282 658 439 719 abrincis
452 661 577 721 mulieris
589 663 692 734 amici,
706 662 859 725 Licinium·

172 758 230 819 que
247 737 551 819 comprehendiffenr3
570 740 737 819 imploraret
754 743 856 805 hnmi-

172 838 244 879 mrm
253 816 367 890 fidem,-
381 832 467 899 atque
478 840 495 877 a
507 817 537 878 se
551 818 629 878 illam
646 820 785 900 pyxidem
796 841 855 883 tra·

174 898 265 957 diram
284 915 475 979 pernegaret:
527 917 576 958 em
587 901 739 992 quomodo
755 904 795 961 illi
809 923 856 963 re-

172 978 407 1058 prehenderent?
420 979 479 1037 vid·
504 978 559 1039 ese
574 977 721 1041 drcerem?
731 982 856 1060 primirm

172 1055 249 1119 adse
262 1075 438 1119 revocarent
452 1059 569 1118 maximi
579 1056 714 1119 facinoris
726 1063 853 1121 crimen:

172 1136 278 1199 deinde
296 1137 326 1196 id
341 1137 372 1198 se
388 1135 487 1200 ridiffe
505 1138 657 1213 dicerent,
675 1139 776 1220 quod,
795 1160 876 1221 quo.

171 1217 241 1278 loco
255 1217 390 1278 collocati
407 1216 539 1292 fuerant,
559 1239 620 1278 non
638 1217 793 1299 potuiffcnt
804 1222 856 1280 vi·

171 1298 253 1359 darei
274 1295 426 1377 Tempore
440 1299 527 1380 igitur
534 1297 596 1378 ipso
614 1297 644 1359 se
656 1297 855 1381 ostenderunt,

171 1398 259 1458 quum
277 1372 403 1439 Licinius
419 1376 561 1451 veniffet‚
578 1380 720 1460 pyxidem
737 1380 855 1460 expedi·

170 1474 237 1530 ret,
251 1478 373 1517 manum
389 1459 571 1547 pmrigeret,
590 1479 737 1521 venenum
755 1459 855 1521 trade-¹

170 1552 225 1599 ret.
236 1536 323 1597 Mimi
331 1556 402 1618 ergo
414 1536 455 1598 est
466 1559 525 1615 jam
538 1539 649 1613 exitus,
659 1562 719 1601 non
731 1539 856 1601 fabulaet

169 1619 200 1677 in
214 1636 274 1697 quo
294 1636 385 1698 quum
400 1617 521 1677 clausula
539 1639 600 1678 non
619 1622 783 1693 invenitur,
802 1618 853 1679 fu-

171 1699 212 1778 git
221 1696 355 1777 aliquire
369 1696 520 1769 manibus3
538 1697 644 1760 deinde
652 1699 766 1761 scabilla
780 1719 856 1760 cont.

172 1794 219 1839 cre
258 1794 319 1848 nt‚=
331 1777 454 1842 cultum
472 1778 589 1838 tollitur.
810 1824 812 1829 .
852 1808 856 1835 :

177 1896 184 1907 ·
202 1888 206 1893 ·
241 1854 357 1921 xvlu.
370 1856 484 1935 Quart>
496 1859 591 1928 enim,
604 1876 654 1915 cur
662 1856 803 1936 Licinium
815 1859 856 1923 ti-.

171 1936 341 2009 cubantem,
351 1937 550 2010 hesitantenr,
566 1935 719 1997 cedentem
729 1982 739 2009 ‚
749 1936 853 2019 fugere

171 2028 327 2079 commem
335 2058 351 2088 ,,
360 2017 523 2078 mulieraria
536 2035 635 2075 manus
648 2015 698 2074 ista
708 2016 745 2077 de
754 2020 856 2079 mani-t

171 2096 222 2157 bur
233 2095 378 2157 emiserit:
400 2112 449 2157 cur
470 2117 530 2155 non
554 2095 848 2174 comprehenderint:

170 2197 218 2238 cur
226 2198 288 2237 non
296 2178 383 2255 ipsius
396 2175 598 2246 confessione,
613 2175 770 2236 multorum
781 2197 851 2237 ocu·

170 2255 224 2328 lis,
239 2255 375 2317 facinoris
393 2256 516 2336 denique
536 2274 633 2328 voce,
654 2259 723 2317 tanti
737 2256 854 2323 sceleris

170 2338 279 2399 crimen
292 2333 497 2415 expresserint?
517 2355 555 2401 en
572 2337 737 2410 timebant,
755 2358 792 2397 ne
803 2354 851 2397 tot

168 2436 257 2475 unum
269 2458 281 2489 ,
295 2416 426 2477 valentes
437 2416 615 2477 imbecillum
626 2430 643 2487 ,ξ
655 2418 763 2478 alacres
779 2436 851 2495 per-

168 2494 438 2575 territumsuperare
447 2516 507 2555 non
540 2493 653 2555 offen?
673 2495 790 2555 Nullum
803 2516 850 2553 ar-

168 2593 340 2657 gumentum
355 2578 385 2634 in
407 2594 458 2644 re,
477 2516 555 2639 nufia
567 2571 685 2650 suspicio
700 2576 728 2635 in
748 2572 851 2646 causa,

168 2655 260 2715 nuilus
265 2659 358 2717 exitus
364 2655 487 2715 criminis
497 2653 666 2732 reperietur.
677 2651 776 2732 Itaque
787 2652 851 2719 heec

168 2734 267 2808 causa,
278 2735 315 2795 ab
326 2733 521 2813 argumentis,
541 2728 749 2806 incomestum,
764 2734 799 2793 ab
814 2733 854 2807 iic

169 2817 255 2901 signis
266 2859 280 2888 ,
303 2815 406 2897 quibus
426 2813 531 2877 veritas
555 2807 682 2875 illustrari
698 2811 789 2890 scl'et,
809 2813 850 2902 aci
