2117 3942
246 413 321 486 282
466 407 688 476 Orra'rro

243 528 332 598 mihi,
351 521 464 594 multb,
483 525 620 604 inquam,
641 519 776 593 ludices,
792 519 941 601 Pssstssi'

241 609 272 667 in
282 603 418 666 eamdem
433 601 512 662 illam
522 603 652 664 recidere
663 601 830 675 fortunam,
841 603 931 684 qulam
973 636 979 652 ·

243 702 355 746 tamam
385 680 546 763 importare
569 684 642 743 meis
669 680 870 744 defensoribus
897 686 932 746 δι

243 765 494 827 conservatoribus
519 763 721 824 calamitatem·
742 762 793 821 An
806 768 876 846 -e'go
890 764 941 826 -iu'¹

242 847 297 907 hac
316 846 389 906 urbe
406 843 462 904 esse
480 847 616 925 possim,
635 843 678 901 his
694 843 803 923 pulsis,
822 846 871 926 qui
882 865 932 907 me

242 925 327 1006 hujus
343 926 421 984 urbis
432 941 602 1005 compotem
611 922 765 983 fecerunt?
782 945 844 984 non
857 946 931 1000 ero,

244 1029 305 1068 που
318 1022 425 1087 potero
441 1003 517 1079 esse,
538 1005 654 1065 Iudices
667 1025 677 1076 3
690 1023 788 1084 neque
803 1006 849 1064 hic
865 1026 932 1065 um·

244 1109 332 1170 quam
348 1107 440 1167 puer,
454 1087 503 1166 qui
517 1085 560 1144 his
580 1085 734 1166 lacrymis,
749 1085 807 1163 qud
821 1086 931 1166 sit-pie·

245 1186 326 1242 rare,
348 1167 500 1239 declarat,
518 1163 618 1225 amisso
639 1180 721 1244 parre
737 1158 933 1247 suoproprcr

245 1264 314 1321 me,
332 1268 380 1306 me
397 1245 489 1326 ipsum
508 1246 686 1305 incolumem
702 1243 837 1325 uidebit3
853 1254 932 1321 n'ec,

245 1325 483 1410 quotiescumque
497 1345 546 1386 me
560 1325 684 1397 viderit,
698 1324 884 1406 ingemiscet,
898 1322 939 1388 ιε’

245 1407 355 1490 pestem
372 1405 469 1479 suam,
484 1400 522 1465 dc·
536 1403 697 1487 patrissui,
713 1403 873 1466 sesedicec
886 1409 944 1467 riv

245 1489 326 1548 dere.
342 1485 407 1568 Ego
421 1487 494 1546 verb
508 1497 564 1546 νος
577 1489 606 1545 in
618 1487 698 1544 omni
709 1485 843 1560 fortuna,
856 1506 934 1568 quae·

245 1586 369 1649 cumque
385 1569 439 1626 erit
458 1566 577 1639 oblata,
595 1565 790 1647 compleclar:
809 1587 865 1628 nec
885 1582 944 1630 me·

244 1649 352 1720 abiis,
369 1667 522 1728 quosmeo
541 1650 660 1707 nomine
678 1646 945 1710 sordidatos-vide·-

245 1731 305 1805 τίς,
323 1747 461 1809 umquam
476 1729 533 1788 ulla
549 1729 664 1788 fortuna
682 1727 942 1811 divell'ecrneque

247 1829 291 1870 ece
306 1810 458 1882 nationes,
472 1810 574 1890 quibus
588 1829 642 1868 me·
652 1806 934 1870 senmurcbmffleu'-

247 1891 328 1950 davit
346 1935 356 1963 ,
379 1892 480 1971 quibus
498 1889 538 1950 de
556 1891 727 1970 mefgratirs
750 1890 837 1968 egio,
856 1888 942 1950 huuc

249 1970 377 2033 exsulem
393 1986 514 2050 propter
530 1988 580 2030 me
597 1971 665 2028 sine'
675 1969 895 2031 me’videbur'r'c.

266 2066 270 2074 ·
293 2068 361 2128 147.
379 2048 437 2111 Sed
454 2051 515 2110 haee
537 2047 797 2123 dii·immortales³,
816 2053 944 2130 quemer

246 2128 301 2190 suis
319 2131 434 2210 templis
450 2131 654 2190 advenientem
674 2129 944 2209 receperunr,·-str··

247 2226 347 2290 patum
364 2209 456 2268 abhis
472 2213 540 2269 viris
557 2209 635 2271 &·P.
651 2209 776 2270 Lentulo
794 2210 934 2285 conscrle,

247 2306 337 2369 atque
351 2289 409 2368 ipsa
427 2289 584 2369 respublica
602 2336 611 2363 ‚
629 2290 686 2370 qud
703 2290 772 2350 nihil
793 2289 937 2352 estsanc-

248 2371 325 2442 tius,
342 2366 444 2428 vestrae
458 2368 593 2448 potestati
604 2415 613 2442 ,
626 2371 761 2444 Iudices,
780 2371 936 2447 commise-

248 2468 326 2511 runt.
349 2448 415 2508 Vos
432 2449 489 2509 hoc
507 2447 615 2528 judicio
637 2454 772 2510 omnium
784 2452 945 2514 bonorum²

249 2549 363 2594 memes
389 2529 561 2591 confirmare
581 2576 591 2604 ‚
615 2532 818 2610 improborum
840 2533 937 2614 repr‘r-

248 2623 330 2681 mere
342 2609 476 2693 potestis:
492 2630 549 2671 vos
562 2611 605 2670 his
618 2612 727 2670 civibus
737 2614 778 2670 uti
796 2616 936 2693 optimis:

249 2710 361 2753 vosme
373 2689 509 2766 reficere,
521 2692 705 2753 &renovare
716 2692 936 2774 rempublicam.

251 2769 354 2849 Quare
367 2793 422 2833 vos
436 2771 584 2850 obtestor,
596 2789 682 2852 atque
691 2771 834 2846 obsecro,
849 2791 881 2832 ut
891 2819 900 2846 ‚
912 2775 935 2833 si

251 2869 300 2909 me
313 2851 422 2911 salvum
439 2851 495 2913 effe
510 2851 656 2923 voluistis,
671 2873 722 2913 eos
737 2853 937 2929 conservetis,

251 2948 304 3012 per
321 2952 395 3015 quos
411 2951 461 2996 me
477 2931 705 3016 recuperavistis.
