2117 3942
345 391 448 461 Pno
473 393 731 466 M.Coe110.
793 415 868 488 40¹

191 502 307 567 infamia
323 504 482 586 juventutis
501 509 624 590 aliquam
641 510 780 570 invidiam
794 509 871 571 Coe-

192 587 228 647 lio
245 585 325 647 velle
345 587 485 648 conflare.
510 588 611 671 Itaque
628 610 717 650 omne
737 591 805 649 illud
827 594 869 651 si-

190 667 330 740 lentium,
351 668 430 747 quod
446 666 486 727 est
501 672 626 729 orationi
641 671 778 730 tributum
793 689 871 746 tuae,

190 746 242 808 fuit
263 746 304 807 ob
322 765 388 808 eam
405 746 514 808 causam
524 793 536 820 ,
554 749 635 829 qudd
653 771 712 809 uno
730 770 782 810 reo
802 764 873 832 pro·¹

208 829 287 888 osito
315 827 353 888 de
379 827 540 887 multorum
565 831 641 890 vitiis
665 831 872 912 cogitabamus.

189 848 284 968 iacile
301 906 342 968 est
357 907 489 968 accusare
504 909 662 969 luxuriem:
683 910 743 970 dies
754 907 812 988 jam
823 932 873 973 me

189 987 325 1060 deficiet,
346 989 389 1060 si,
412 1009 476 1068 quae
496 989 551 1048 dici
573 993 602 1048 in
620 1010 684 1050 eam
701 990 873 1051 sententiam

187 1065 323 1148 poliunt,
342 1087 433 1127 coner
445 1088 636 1149 expromere:
656 1071 694 1131 de
718 1088 873 1150 corrupte·

186 1149 248 1221 lis,
275 1148 313 1207 de
336 1147 509 1222 adulteriis,
532 1150 569 1210 de
590 1153 809 1230 protervitate,
834 1150 873 1210 de

184 1227 376 1309 sumptibus,
403 1228 542 1288 immensa
563 1234 656 1290 oratio
678 1230 741 1291 est:
767 1246 798 1289 ut
819 1230 874 1291 tibi

184 1328 271 1369 reum
291 1308 458 1383 neminem,
476 1307 525 1369 sed
541 1313 610 1370 viria
628 1331 803 1392 proponas,
824 1329 873 1369 res

184 1405 286 1449 tamen
310 1386 370 1468 ipsa
390 1388 422 1448 dt
442 1389 564 1470 copiose
585 1391 615 1450 &
633 1394 760 1473 graviter
781 1411 872 1450 accu-

183 1468 238 1530 sari
259 1465 365 1550 potest.
387 1467 445 1528 Sed
460 1468 561 1530 vestrae
576 1468 719 1551 sapientiae
738 1470 799 1544 est,
819 1469 872 1532 Ju-

183 1550 283 1623 dices,
298 1569 359 1608 non
374 1549 477 1609 abduci
494 1551 530 1610 ab
545 1571 614 1611 reo:
633 1572 705 1625 nec,
717 1573 791 1634 quos
804 1572 872 1611 acu·

182 1632 249 1691 leos
267 1628 373 1689 habeat
394 1628 528 1689 severitas
546 1632 725 1712 gravitasque
750 1630 871 1705 vestra,

184 1730 276 1792 quum
302 1729 355 1769 eos
375 1709 520 1783 accusator
542 1713 664 1771 erexerit
684 1715 713 1770 in
735 1732 817 1784 rem,
840 1714 870 1771 in

183 1793 276 1862 vitia,
289 1790 319 1849 in
340 1810 458 1862 mores,
472 1793 500 1848 in
522 1806 675 1870 tempora,
689 1794 822 1851 emittere
841 1794 870 1848 in

184 1871 359 1940 hominem,
377 1870 409 1929 &
424 1872 454 1928 in
468 1890 570 1941 reum;
590 1892 678 1950 quum
698 1875 721 1930 is
740 1892 801 1930 non
820 1869 872 1929 suo

185 1953 327 2022 crimine,
342 1949 569 2023 sedmultorum
585 1953 657 2010 vitio
674 1953 710 2011 sit
727 1954 757 2009 in
775 1949 872 2029 quod-

186 2032 255 2092 dam
274 2030 376 2101 udium
393 2028 527 2106 injustum
545 2048 678 2092 vocatus.

229 2129 279 2192 30.
303 2109 405 2189 ltaque
420 2109 563 2170 severitati
581 2128 662 2186 tuae,
682 2128 713 2170 ut
733 2126 871 2192 oportet,

187 2193 226 2252 ita
251 2191 428 2273 respondere
455 2214 516 2251 non
543 2192 638 2253 audeo
664 2213 671 2251 :
705 2209 766 2252 erat
793 2194 870 2251 enim

188 2294 286 2335 meum
310 2273 459 2352 deprecari
487 2275 670 2334 vacationem
701 2273 873 2332 adolescen-

190 2356 252 2427 tiae,
267 2355 443 2432 veniamque
461 2371 578 2432 petere:
596 2376 655 2414 non
672 2356 808 2435 inquam,
824 2374 873 2411 au-

193 2433 247 2495 deo
266 2455 272 2493 :
293 2431 429 2512 perfugiis
446 2453 505 2492 non
525 2452 591 2494 utor
609 2436 719 2494 aeratis:
741 2429 873 2492 corcella

194 2516 323 2573 omnibus
344 2511 406 2590 jura
423 2513 556 2572 dimitto:
577 2518 689 2573 rantum
707 2532 799 2592 peto,
818 2527 872 2582 ut,

196 2595 216 2649 si
231 2614 286 2675 qua
305 2590 347 2652 est
359 2593 467 2653 invidia
486 2596 646 2652 communis
662 2593 719 2650 hoc
735 2609 872 2669 tempore

199 2676 253 2732 aris
273 2673 358 2734 alieni
370 2719 379 2746 ,
390 2675 577 2753 petulantia,
591 2672 740 2732 libidinum
763 2667 873 2747 juven-

131 2790 133 2799 ·
200 2757 278 2825 turis,
296 2774 383 2834 quam
401 2755 489 2815 video
507 2753 563 2815 effe
581 2773 735 2833 magnam,
749 2771 786 2810 ne
807 2750 873 2813 huic

138 2900 141 2911 ,
200 2832 281 2895 aliena
307 2853 448 2915 peccata,
473 2856 510 2895 ne
535 2837 625 2894 aetatis
645 2855 678 2891 ac
702 2850 869 2911 temporum

131 2920 145 2965 a
201 2911 260 2976 vida
278 2932 413 2978 noceant.
435 2915 535 2998 Atque
553 2936 609 2999 ego
623 2913 721 2991 idem,
742 2916 790 2998 qui
807 2912 870 2976 haec
