2117 3942
246 398 349 467 Pno
385 393 440 466 Pr·
461 400 679 471 Semo.
734 398 809 497 185

126 513 252 594 quicum
264 509 381 586 senatu,
395 530 461 571 eum
473 511 559 572 bonis
571 513 719 588 omnibus,
732 534 813 577 rern-

127 594 271 674 publicam
290 589 423 652 afflislam
443 595 617 667 excitarint,
637 595 670 654 &
688 594 811 656 latroci-

128 676 173 734 nio
193 670 355 738 domestico
374 672 543 747 liberarint,
563 672 700 747 moeslos,
717 674 813 736 sordi·

130 754 231 833 datos,
249 773 339 826 reos,
358 751 528 833 decapite,
545 752 583 812 de
599 753 696 828 sarna,
712 754 749 815 de
765 757 809 815 ci·

130 837 236 908 vitate,
254 833 291 894 de
303 831 447 906 fortunis,
464 832 502 893 de
515 834 611 893 liberis
623 835 787 895 dimicantes
801 857 813 909 3

132 934 177 974 eos
192 931 314 985 autem,
331 915 380 995 qui
398 915 496 972 omnia
514 912 612 972 divina
632 914 665 975 &
683 914 808 976 hnmana

130 995 276 1068 violarint,
293 995 445 1066 vexarint,
462 992 675 1072 perturbarint,
692 1013 811 1055 everte·

131 1077 198 1148 rint,
216 1096 277 1134 non
294 1072 388 1135 solltm
402 1072 509 1132 alacres
525 1072 660 1152 laetosque
671 1074 811 1148 volitare,

132 1154 270 1215 sedetiam
284 1155 466 1215 voluntarios
479 1151 639 1212 fortissimis
654 1167 741 1232 atque
756 1174 811 1233 op·

132 1235 199 1294 timis
216 1233 328 1296 civibus
345 1233 504 1315 periculum
525 1233 643 1306 moliri,
664 1232 700 1293 de
717 1230 747 1293 se
761 1235 810 1293 ni·

133 1315 166 1374 hil
178 1317 289 1375 timere.
309 1354 316 1360 -
427 1372 430 1377 ,
574 1350 578 1356 -
685 1348 688 1369 2

168 1414 192 1454 2.
213 1393 247 1455 In
269 1414 331 1476 quo
351 1414 443 1474 quutn,
460 1394 550 1453 multa
564 1392 631 1469 ,sunt
655 1393 774 1476 indigne
794 1406 809 1467 ,¹

134 1490 184 1534 nnn
195 1476 266 1535 nihil
277 1477 371 1534 minos
385 1470 426 1535 est
436 1473 609 1548 serendum,
627 1474 714 1554 quim
727 1474 809 1556 qnod

134 1552 182 1633 jam
200 1577 261 1616 non
281 1574 335 1637 per
350 1553 474 1633 latrones
492 1553 583 1628 suos,
600 1576 661 1614 non
679 1575 733 1635 per
749 1555 806 1615 ho·

134 1640 214 1696 mines
241 1633 368 1718 egestare
391 1635 423 1693 &
444 1632 552 1694 scelere
574 1635 729 1715 perditos,
756 1635 809 1696 sed

135 1734 177 1795 per
190 1738 246 1778 ros
262 1715 369 1787 nabis,
385 1717 580 1794 peroptimos
594 1718 674 1775 viros
687 1717 810 1796 optimis

134 1798 231 1856 civibus
248 1793 535 1877 ‘periculum-inserte
555 1812 718 1867 conantnr;
743 1795 776 1854 &
795 1839 806 1869 ,

134 1897 195 1956 quos
211 1876 375 1958 lapidibus,
389 1886 465 1958 qnos
479 1873 580 1948 ferro,
597 1895 670 1955 quos
681 1873 803 1947 facibus,

132 1977 194 2036 quos
209 1961 263 2030 vi,
281 1976 386 2026 manu,
406 1956 497 2034 copiis
511 1953 611 2014 delere
627 1976 687 2015 non
700 1972 809 2033 potue-

132 2055 207 2110 tunt,
228 2038 283 2097 hos
302 2035 396 2095 vestrl
416 2034 608 2106 ausloritate,
629 2032 723 2092 vestrl
740 2034 811 2094 reli·

131 2119 207 2197 gione
220 2161 229 2190 ,
244 2114 344 2177 vestris
358 2114 505 2174 sententiis
521 2113 550 2173 se
565 2111 746 2194 oppressuros
760 2136 810 2173 ar-

131 2199 270 2257 bitrantur.
293 2196 359 2277 Ego
375 2213 495 2267 autern,
514 2194 652 2268 ludices,
669 2197 733 2275 qaia
750 2195 807 2275 qul

131 2298 197 2338 voce
216 2278 286 2337 mihi
302 2281 333 2335 in
351 2276 470 2356 agendis
485 2277 581 2356 gratiis
597 2321 606 2349 ,
623 2296 810 2336 commemo·

131 2358 272 2438 tendoque
287 2376 413 2428 eorum,
454 2356 534 2415 uide
551 2377 599 2416 me
618 2358 727 2436 optime
743 2356 809 2415 sunt

132 2440 236 2509 meriti,
255 2435 402 2513 beneficio
421 2376 476 2495 elle
494 2436 637 2496 utendum·
648 2437 808 2515 putabam,

133 2519 250 2577 elnone
271 2521 314 2576 uti
332 2536 425 2595 cogor
440 2519 470 2573 in
484 2536 588 2575 eorum
605 2514 738 2593 periculis
758 2513 812 2571 de-

133 2597 265 2677 pellendis
281 2600 336 2668 ;iis
352 2597 533 2676 potissimlrm
546 2615 607 2655 vox
621 2594 682 2652 haec
696 2593 811 2664 serviat,

133 2699 247 2757 quorum
266 2677 361 2758 opers
378 2677 410 2735 &
422 2676 511 2748 rnihi,
532 2675 563 2734 δι
576 2674 662 2733 vobis
675 2717 683 2745 ,
704 2673 736 2731 &
754 2692 811 2751 po·

132 2758 191 2837 pulo
209 2758 351 2818 Romano
370 2753 494 2815 restituta
514 2752 564 2812 est.

163 2837 206 2898 11.
228 2837 267 2898 Et
280 2857 457 2919 quamquam
471 2856 486 2893 a
499 2833 542 2911 Q.
556 2831 735 2901 Hortensio,
749 2832 810 2891 cla·

131 2919 238 2987 tissimo,
255 2922 324 2983 viro
346 2933 432 3000 atque
448 2915 707 2997 eloquentissimo,
728 2913 811 2975 causa
