2117 3942
172 374 700 449 PnoL.ConN.BA2130.
731 402 804 475 333

127 491 240 554 roribus
256 488 373 550 illorum
392 490 501 548 civibus
520 495 562 552 uti
577 495 605 552 in
624 495 705 555 bellis
723 498 808 556 nobis

126 592 189 633 non
208 571 335 642 liceret,
358 586 406 627 aut
424 573 534 649 praemii
549 575 691 636 tribuendi
707 594 809 656 potes-

128 669 221 713 tatem
238 649 346 709 nullam
361 649 540 711 haberemus.

127 776 130 783 .
169 749 219 811 39.
242 729 329 788 Nunc
345 730 417 788 verb
435 730 504 809 quid
520 751 576 812 ego
594 750 694 792 contra
713 733 809 795 Gadi-

127 827 213 873 tanos
230 809 356 890 loquar,
372 830 461 889 quum
480 810 533 882 id,
554 812 634 892 quod
651 813 805 889 defendo,

127 892 283 955 voluntate
306 908 430 962 eorum,
451 888 643 964 ausloritate‚
664 892 811 974 legatione

128 971 192 1053 ipsi
205 969 437 1051 comprobetur?
454 971 502 1051 qui
517 992 534 1029 a
550 973 690 1051 principio
707 972 747 1031 sui
781 994 812 1034 e·

127 1050 208 1112 'neris
221 1071 258 1110 ac
272 1049 455 1129 reipublicae,
472 1051 509 1108 ab
527 1054 608 1110 omni
620 1049 733 1125 studio,
759 1074 812 1114 en·

125 1131 218 1213 sitque
238 1128 396 1189 Poenorum
415 1146 527 1189 mentes
546 1129 607 1189 suns
627 1131 664 1189 ad
685 1130 811 1193 nostrum

128 1230 310 1292 imperium,
331 1228 498 1288 nomenque
519 1210 685 1270 flexerunt?
711 1232 813 1293 quos,

128 1312 222 1373 quum
234 1291 358 1349 maxima
366 1289 442 1349 bella
453 1289 536 1348 nobis
545 1289 730 1365 inferrentur,
744 1313 817 1351 moe·

132 1373 218 1431 nibus
233 1368 431 1430 excluserunt?
450 1369 583 1429 classibus
598 1370 716 1430 insecuti
732 1371 813 1430 sunt?

129 1450 331 1533 corporibus,
350 1452 461 1529 copiis,
482 1451 587 1529 opibus
612 1450 813 1531 depulerunt?

127 1534 182 1613 -qui
194 1533 227 1592 &
244 1546 376 1591 veterem
387 1530 465 1588 illam
473 1528 597 1609 speciem
608 1529 723 1592 foederis
736 1532 816 1590 Mar-

134 1615 209 1673 ciani
224 1610 339 1690 semper
356 1612 435 1670 omni
454 1629 519 1669 arce
538 1610 678 1670 duxerunt
694 1610 818 1672 sanllio-

127 1712 220 1765 rem,
244 1690 278 1750 &
297 1691 355 1749 hoc
375 1689 510 1759 foedere,
535 1689 632 1749 Catuli
650 1690 816 1772 senatusque

136 1771 328 1842 austeritate,
350 1768 378 1830 se
399 1768 547 1829 nobiscum
567 1767 817 1846 conjunslissimos

137 1850 194 1913 elle
208 1850 335 1912 arbitrati
350 1849 414 1908 sunt
429 1849 440 1907 ἓ
457 1870 580 1927 quorum
594 1851 721 1922 moenia,
738 1851 820 1909 delu-

138 1934 208 2006 bra,
224 1951 330 2012 agros,
347 1947 377 1988 ut
391 1929 449 2010 ipse
463 1929 623 2000 Hercules,
636 1932 769 1988 itinerum
784 1952 819 1988 ac
849 1932 852 1938 '

139 2013 273 2073 laborum
292 2009 427 2082 suorum,
452 2012 490 2067 sic
510 2006 635 2084 majores
657 2007 743 2068 nostri
761 2012 819 2067 im-

140 2094 211 2174 perii
229 2112 263 2150 ac
280 2092 404 2149 nominis
420 2088 521 2170 populi
539 2088 665 2148 Romani
680 2091 819 2151 terminos

140 2172 196 2234 elle
213 2170 394 2232 voluerunt?

134 2299 139 2307 .
181 2270 232 2326 40.
253 2249 408 2310 Testanrur
427 2250 458 2308 &
479 2266 610 2309 mortuos
632 2247 744 2309 nostros
764 2251 821 2309 im-

141 2349 314 2414 peratores,
337 2351 459 2409 quorum
480 2333 552 2388 vivit
571 2331 739 2389 immortalis
758 2350 821 2388 rne-

143 2414 236 2473 moria
254 2412 287 2470 &
301 2412 413 2490 gloria,
430 2409 600 2491 Scipiones,
617 2411 742 2481 Brutos,
758 2410 824 2466 Ho-

143 2495 253 2564 ratios,
271 2489 408 2561 Cassios,
427 2489 589 2561 Metellos,
607 2491 639 2547 &
657 2492 732 2546 hunc
749 2509 824 2564 prae·

144 2572 256 2634 sentem
276 2568 333 2629 Cn.
352 2569 543 2648 Pompeium,
563 2588 650 2646 quem
667 2567 768 2645 procul
785 2566 823 2623 ab

144 2673 248 2714 eorum
260 2650 422 2720 moenibus,
438 2668 502 2706 acre
518 2648 550 2706 &
563 2667 700 2726 magnum
716 2645 825 2704 bellum

143 2748 320 2815 gerentem,
338 2743 526 2799 commeatu,
545 2725 720 2804 pecuniisque
735 2722 825 2801 juve-

143 2830 233 2883 runt3
255 2812 288 2870 &
305 2811 363 2868 hoc
380 2826 514 2886 tempore
526 2805 586 2884 ipso
605 2804 744 2885 populum
758 2805 825 2865 Ro-

144 2911 289 2966 manum,
314 2910 402 2971 quem
426 2890 456 2948 in
478 2889 594 2947 caritate
618 2906 767 2957 annonae‚
791 2903 823 2946 ut
