<?xml version="1.0" encoding="UTF-8"?>
<!DOCTYPE html PUBLIC "-//W3C//DTD XHTML 1.0 Transitional//EN"
    "http://www.w3.org/TR/xhtml1/DTD/xhtml1-transitional.dtd">
<html xmlns="http://www.w3.org/1999/xhtml" xml:lang="en" lang="en">
 <head>
  <title>
</title>
<meta http-equiv="Content-Type" content="text/html;charset=utf-8" />
  <meta name='ocr-system' content='tesseract 3.04.00' />
  <meta name='ocr-capabilities' content='ocr_page ocr_carea ocr_par ocr_line ocrx_word'/>
</head>
<body>
  <div class='ocr_page' id='page_1' title='image "./mtulliiciceroni06lallgoog_0485.png"; bbox 0 0 2117 3942; ppageno 0'>
   <div class='ocr_carea' id='block_1_1' title="bbox 235 348 825 445">
    <p class='ocr_par' dir='ltr' id='par_1_1' title="bbox 235 348 825 445">
     <span class='ocr_line' id='line_1_1' title="bbox 235 348 825 445; baseline 0.01 -27"><span class='ocrx_word' id='word_1_1' title='bbox 235 351 334 421; x_wconf 77' lang='lat' dir='ltr'>Pno</span> <span class='ocrx_word' id='word_1_2' title='bbox 362 352 436 421; x_wconf 75' lang='lat' dir='ltr'>Cu.</span> <span class='ocrx_word' id='word_1_3' title='bbox 461 348 707 421; x_wconf 65' lang='lat' dir='ltr'>Plancio.</span> <span class='ocrx_word' id='word_1_4' title='bbox 745 370 825 445; x_wconf 86' lang='lat'>529</span> 
     </span>
    </p>
   </div>
   <div class='ocr_carea' id='block_1_2' title="bbox 88 454 884 3010">
    <p class='ocr_par' dir='ltr' id='par_1_2' title="bbox 88 454 873 1110">
     <span class='ocr_line' id='line_1_2' title="bbox 136 454 825 548; baseline 0 -21"><span class='ocrx_word' id='word_1_5' title='bbox 136 464 222 538; x_wconf 81' lang='lat' dir='ltr'>dito,</span> <span class='ocrx_word' id='word_1_6' title='bbox 239 466 263 524; x_wconf 87' lang='lat' dir='ltr'>si</span> <span class='ocrx_word' id='word_1_7' title='bbox 278 466 405 545; x_wconf 75' lang='lat' dir='ltr'>poteris,</span> <span class='ocrx_word' id='word_1_8' title='bbox 421 454 528 526; x_wconf 68' lang='lat' dir='ltr'>&#39;virium</span> <span class='ocrx_word' id='word_1_9' title='bbox 538 484 548 539; x_wconf 92' lang='lat'>;</span> <span class='ocrx_word' id='word_1_10' title='bbox 558 485 643 546; x_wconf 77' lang='lat' dir='ltr'>cgo,</span> <span class='ocrx_word' id='word_1_11' title='bbox 662 464 720 548; x_wconf 73' lang='lat' dir='ltr'>qul</span> <span class='ocrx_word' id='word_1_12' title='bbox 733 468 825 527; x_wconf 84' lang='lat' dir='ltr'>ratio·</span> 
     </span>
     <span class='ocr_line' id='line_1_3' title="bbox 136 545 830 615; baseline 0.001 -9"><span class='ocrx_word' id='word_1_13' title='bbox 136 567 177 606; x_wconf 83' lang='lat' dir='ltr'>ne</span> <span class='ocrx_word' id='word_1_14' title='bbox 195 545 318 615; x_wconf 74' lang='lat' dir='ltr'>tulerit,</span> <span class='ocrx_word' id='word_1_15' title='bbox 331 547 468 606; x_wconf 85' lang='lat' dir='ltr'>docebo:</span> <span class='ocrx_word' id='word_1_16' title='bbox 487 548 608 606; x_wconf 82' lang='lat' dir='ltr'>necent</span> <span class='ocrx_word' id='word_1_17' title='bbox 624 547 686 607; x_wconf 83' lang='lat' dir='ltr'>haec</span> <span class='ocrx_word' id='word_1_18' title='bbox 705 545 759 607; x_wconf 82' lang='lat' dir='ltr'>alia</span> <span class='ocrx_word' id='word_1_19' title='bbox 777 567 830 607; x_wconf 73' lang='grc' dir='ltr'>ται.</span> 
     </span>
     <span class='ocr_line' id='line_1_4' title="bbox 88 625 823 709; baseline 0 -22"><span class='ocrx_word' id='word_1_20' title='bbox 88 654 91 660; x_wconf 93' lang='grc'><strong><em>·</em></strong></span> <span class='ocrx_word' id='word_1_21' title='bbox 136 625 337 698; x_wconf 80' lang='lat' dir='ltr'>tio,Plancio.‚</span> <span class='ocrx_word' id='word_1_22' title='bbox 354 646 389 685; x_wconf 83' lang='lat' dir='ltr'>ac</span> <span class='ocrx_word' id='word_1_23' title='bbox 406 625 574 687; x_wconf 81' lang='lat' dir='ltr'>Laterensi:</span> <span class='ocrx_word' id='word_1_24' title='bbox 592 647 660 687; x_wconf 83' lang='lat' dir='ltr'>narn</span> <span class='ocrx_word' id='word_1_25' title='bbox 676 671 688 701; x_wconf 91' lang='lat'>‚</span> <span class='ocrx_word' id='word_1_26' title='bbox 704 644 736 686; x_wconf 87' lang='lat' dir='ltr'>nt</span> <span class='ocrx_word' id='word_1_27' title='bbox 750 647 823 709; x_wconf 78' lang='lat' dir='ltr'>quas</span> 
     </span>
     <span class='ocr_line' id='line_1_5' title="bbox 136 703 830 788; baseline 0.003 -21"><span class='ocrx_word' id='word_1_28' title='bbox 136 706 228 767; x_wconf 89' lang='lat' dir='ltr'>tribus</span> <span class='ocrx_word' id='word_1_29' title='bbox 246 721 278 764; x_wconf 93' lang='lat' dir='ltr'>tu</span> <span class='ocrx_word' id='word_1_30' title='bbox 293 703 377 765; x_wconf 86' lang='lat' dir='ltr'>tulisti</span> <span class='ocrx_word' id='word_1_31' title='bbox 395 750 404 778; x_wconf 91' lang='lat'>,</span> <span class='ocrx_word' id='word_1_32' title='bbox 429 708 454 764; x_wconf 89' lang='lat' dir='ltr'>si</span> <span class='ocrx_word' id='word_1_33' title='bbox 473 703 533 782; x_wconf 76' lang='lat' dir='ltr'>jam</span> <span class='ocrx_word' id='word_1_34' title='bbox 552 724 589 765; x_wconf 84' lang='lat' dir='ltr'>ex</span> <span class='ocrx_word' id='word_1_35' title='bbox 609 721 638 766; x_wconf 87' lang='lat' dir='ltr'>te</span> <span class='ocrx_word' id='word_1_36' title='bbox 657 709 799 788; x_wconf 83' lang='lat' dir='ltr'>requiram</span> <span class='ocrx_word' id='word_1_37' title='bbox 811 751 830 782; x_wconf 90' lang='grc'>,,</span> 
     </span>
     <span class='ocr_line' id='line_1_6' title="bbox 135 784 825 868; baseline 0.004 -22"><span class='ocrx_word' id='word_1_38' title='bbox 135 787 253 868; x_wconf 78' lang='lat' dir='ltr'>possis,</span> <span class='ocrx_word' id='word_1_39' title='bbox 272 805 397 865; x_wconf 76' lang='lat' dir='ltr'>quotum</span> <span class='ocrx_word' id='word_1_40' title='bbox 413 784 506 845; x_wconf 81' lang='lat' dir='ltr'>studio</span> <span class='ocrx_word' id='word_1_41' title='bbox 523 785 642 858; x_wconf 82' lang='lat' dir='ltr'>tuleris,</span> <span class='ocrx_word' id='word_1_42' title='bbox 659 787 825 866; x_wconf 80' lang='lat' dir='ltr'>explicare;</span> 
     </span>
     <span class='ocr_line' id='line_1_7' title="bbox 135 864 828 948; baseline 0.001 -21"><span class='ocrx_word' id='word_1_43' title='bbox 135 869 179 927; x_wconf 86' lang='lat' dir='ltr'>sic</span> <span class='ocrx_word' id='word_1_44' title='bbox 193 886 251 948; x_wconf 83' lang='lat' dir='ltr'>ego</span> <span class='ocrx_word' id='word_1_45' title='bbox 265 865 324 924; x_wconf 88' lang='lat' dir='ltr'>hoc</span> <span class='ocrx_word' id='word_1_46' title='bbox 337 865 505 938; x_wconf 86' lang='lat' dir='ltr'>contendo,</span> <span class='ocrx_word' id='word_1_47' title='bbox 521 885 570 924; x_wconf 88' lang='lat' dir='ltr'>me</span> <span class='ocrx_word' id='word_1_48' title='bbox 581 864 633 925; x_wconf 92' lang='lat' dir='ltr'>tibi</span> <span class='ocrx_word' id='word_1_49' title='bbox 650 866 703 946; x_wconf 87' lang='lat' dir='ltr'>ipsi</span> <span class='ocrx_word' id='word_1_50' title='bbox 719 868 828 928; x_wconf 81' lang='lat' dir='ltr'>adver-&#39;</span> 
     </span>
     <span class='ocr_line' id='line_1_8' title="bbox 135 943 827 1028; baseline -0.003 -19"><span class='ocrx_word' id='word_1_51' title='bbox 135 946 236 1019; x_wconf 74' lang='lat' dir='ltr'>surio,</span> <span class='ocrx_word' id='word_1_52' title='bbox 261 943 464 1026; x_wconf 82' lang='lat' dir='ltr'>cujuscumque</span> <span class='ocrx_word' id='word_1_53' title='bbox 488 944 580 1008; x_wconf 77' lang='lat' dir='ltr'>tribuis</span> <span class='ocrx_word' id='word_1_54' title='bbox 601 946 743 1006; x_wconf 86' lang='lat' dir='ltr'>rationem</span> <span class='ocrx_word' id='word_1_55' title='bbox 767 968 827 1028; x_wconf 80' lang='lat' dir='ltr'>po·¹</span> 
     </span>
     <span class='ocr_line' id='line_1_9' title="bbox 138 1025 873 1110; baseline -0.003 -21"><span class='ocrx_word' id='word_1_56' title='bbox 138 1025 288 1110; x_wconf 84' lang='lat' dir='ltr'>posceris,</span> <span class='ocrx_word' id='word_1_57' title='bbox 307 1025 497 1087; x_wconf 85' lang='lat' dir='ltr'>redditurum.</span> <span class='ocrx_word' id='word_1_58' title='bbox 871 1041 873 1046; x_wconf 84' lang='lat'>&#39;</span> 
     </span>
    </p>

    <p class='ocr_par' dir='ltr' id='par_1_3' title="bbox 93 1098 884 2865">
     <span class='ocr_line' id='line_1_10' title="bbox 178 1098 825 1186; baseline 0 -19"><span class='ocrx_word' id='word_1_59' title='bbox 178 1098 255 1167; x_wconf 85' lang='lat' dir='ltr'>XX.</span> <span class='ocrx_word' id='word_1_60' title='bbox 278 1105 405 1166; x_wconf 76' lang='lat' dir='ltr'>sedeur</span> <span class='ocrx_word' id='word_1_61' title='bbox 422 1125 480 1186; x_wconf 82' lang='lat' dir='ltr'>ego</span> <span class='ocrx_word' id='word_1_62' title='bbox 499 1103 613 1184; x_wconf 82' lang='lat' dir='ltr'>sic&#39;ago</span> <span class='ocrx_word' id='word_1_63' title='bbox 631 1103 642 1164; x_wconf 83' lang='lat' dir='ltr'>i</span> <span class='ocrx_word' id='word_1_64' title='bbox 663 1106 743 1186; x_wconf 83' lang='lat' dir='ltr'>quasi</span> <span class='ocrx_word' id='word_1_65' title='bbox 762 1125 825 1168; x_wconf 86' lang='lat' dir='ltr'>non</span> 
     </span>
     <span class='ocr_line' id='line_1_11' title="bbox 136 1183 828 1265; baseline 0 -18"><span class='ocrx_word' id='word_1_66' title='bbox 136 1183 543 1265; x_wconf 65' lang='lat' dir='ltr'>comitiisjarn&#39;superinribus</span> <span class='ocrx_word' id='word_1_67' title='bbox 553 1186 593 1243; x_wconf 83' lang='lat' dir='ltr'>¹sit</span> <span class='ocrx_word' id='word_1_68' title='bbox 606 1183 736 1246; x_wconf 82' lang='lat' dir='ltr'>Plancius</span> <span class='ocrx_word' id='word_1_69' title='bbox 751 1185 828 1247; x_wconf 85' lang='lat' dir='ltr'>desi·</span> 
     </span>
     <span class='ocr_line' id='line_1_12' title="bbox 137 1264 826 1348; baseline 0.003 -23"><span class='ocrx_word' id='word_1_70' title='bbox 137 1283 243 1348; x_wconf 79' lang='lat' dir='ltr'>gnatus</span> <span class='ocrx_word' id='word_1_71' title='bbox 258 1264 366 1327; x_wconf 79' lang='lat' dir='ltr'>aedilis&#39;:</span> <span class='ocrx_word' id='word_1_72' title='bbox 385 1278 449 1346; x_wconf 78' lang='lat' dir='ltr'>quae&#39;</span> <span class='ocrx_word' id='word_1_73' title='bbox 461 1266 584 1329; x_wconf 65' lang='lat' dir='ltr'>comitia</span> <span class='ocrx_word' id='word_1_74' title='bbox 597 1268 722 1345; x_wconf 78' lang='lat' dir='ltr'>primurn</span> <span class='ocrx_word' id='word_1_75' title='bbox 734 1266 826 1327; x_wconf 73' lang='lat' dir='ltr'>habc-</span> 
     </span>
     <span class='ocr_line' id='line_1_13' title="bbox 136 1344 825 1427; baseline 0 -21"><span class='ocrx_word' id='word_1_76' title='bbox 136 1366 171 1407; x_wconf 85' lang='lat' dir='ltr'>re</span> <span class='ocrx_word' id='word_1_77' title='bbox 195 1349 284 1427; x_wconf 87' lang='lat' dir='ltr'>coepit</span> <span class='ocrx_word' id='word_1_78' title='bbox 306 1344 408 1407; x_wconf 80' lang='lat' dir='ltr'>consul</span> <span class='ocrx_word' id='word_1_79' title='bbox 423 1366 512 1427; x_wconf 87' lang='lat' dir='ltr'>quum</span> <span class='ocrx_word' id='word_1_80' title='bbox 529 1345 664 1409; x_wconf 82' lang='lat' dir='ltr'>omnibus</span> <span class='ocrx_word' id='word_1_81' title='bbox 684 1348 714 1405; x_wconf 91' lang='lat' dir='ltr'>in</span> <span class='ocrx_word' id='word_1_82' title='bbox 737 1346 825 1406; x_wconf 82' lang='lat' dir='ltr'>rebus</span> 
     </span>
     <span class='ocr_line' id='line_1_14' title="bbox 136 1424 825 1507; baseline 0 -20"><span class='ocrx_word' id='word_1_83' title='bbox 136 1425 249 1487; x_wconf 69' lang='lat' dir='ltr'>summit</span> <span class='ocrx_word' id='word_1_84' title='bbox 272 1425 440 1487; x_wconf 67' lang='lat' dir='ltr'>auctoritate</span> <span class='ocrx_word' id='word_1_85' title='bbox 463 1443 556 1500; x_wconf 74' lang='lat' dir='ltr'>‚tum</span> <span class='ocrx_word' id='word_1_86' title='bbox 582 1426 684 1487; x_wconf 80' lang='lat' dir='ltr'>harum</span> <span class='ocrx_word' id='word_1_87' title='bbox 701 1424 825 1507; x_wconf 75' lang='lat' dir='ltr'>ipsarum</span> 
     </span>
     <span class='ocr_line' id='line_1_15' title="bbox 136 1505 824 1587; baseline 0 -20"><span class='ocrx_word' id='word_1_88' title='bbox 136 1506 237 1587; x_wconf 87' lang='lat' dir='ltr'>legum</span> <span class='ocrx_word' id='word_1_89' title='bbox 250 1505 373 1567; x_wconf 71' lang='lat' dir='ltr'>ambitus</span> <span class='ocrx_word' id='word_1_90' title='bbox 386 1506 485 1569; x_wconf 69' lang='lat' dir='ltr'>aullor</span> <span class='ocrx_word' id='word_1_91' title='bbox 497 1528 505 1566; x_wconf 91' lang='lat'>:</span> <span class='ocrx_word' id='word_1_92' title='bbox 518 1506 630 1575; x_wconf 14' lang='lat' dir='ltr'>&#39;deinde</span> <span class='ocrx_word' id='word_1_93' title='bbox 641 1507 750 1567; x_wconf 80' lang='lat' dir='ltr'>habere</span> <span class='ocrx_word' id='word_1_94' title='bbox 761 1527 824 1567; x_wconf 90' lang='lat' dir='ltr'>coe-</span> 
     </span>
     <span class='ocr_line' id='line_1_16' title="bbox 136 1585 824 1668; baseline 0.003 -21"><span class='ocrx_word' id='word_1_95' title='bbox 136 1589 183 1668; x_wconf 78' lang='lat' dir='ltr'>pit</span> <span class='ocrx_word' id='word_1_96' title='bbox 191 1585 288 1647; x_wconf 77' lang='lat' dir='ltr'>&#39;subitb</span> <span class='ocrx_word' id='word_1_97' title='bbox 299 1586 428 1664; x_wconf 64' lang='lat' dir='ltr'>,ir&#39;raeter</span> <span class='ocrx_word' id='word_1_98' title='bbox 441 1586 613 1666; x_wconf 76' lang='lat' dir='ltr'>opinionem</span> <span class='ocrx_word' id='word_1_99' title='bbox 625 1590 774 1660; x_wconf 86' lang='lat' dir='ltr'>omniurn;</span> <span class='ocrx_word' id='word_1_100' title='bbox 789 1603 824 1649; x_wconf 84' lang='lat' dir='ltr'>ut</span> 
     </span>
     <span class='ocr_line' id='line_1_17' title="bbox 137 1662 822 1747; baseline -0.001 -21"><span class='ocrx_word' id='word_1_101' title='bbox 137 1686 197 1738; x_wconf 82' lang='lat' dir='ltr'>ne,</span> <span class='ocrx_word' id='word_1_102' title='bbox 218 1669 241 1727; x_wconf 84' lang='lat' dir='ltr'>si</span> <span class='ocrx_word' id='word_1_103' title='bbox 254 1662 403 1746; x_wconf 76' lang='lat' dir='ltr'>cogitasset</span> <span class='ocrx_word' id='word_1_104' title='bbox 421 1665 694 1745; x_wconf 76' lang='lat' dir='ltr'>quidem-quispiam</span> <span class='ocrx_word' id='word_1_105' title='bbox 706 1667 800 1747; x_wconf 79' lang='lat' dir='ltr'>largiri</span> <span class='ocrx_word' id='word_1_106' title='bbox 808 1702 822 1738; x_wconf 70' lang='grc'><strong><em>,</em></strong></span> 
     </span>
     <span class='ocr_line' id='line_1_18' title="bbox 138 1744 825 1825; baseline 0.001 -19"><span class='ocrx_word' id='word_1_107' title='bbox 138 1746 257 1807; x_wconf 76' lang='lat' dir='ltr'>daretur</span> <span class='ocrx_word' id='word_1_108' title='bbox 274 1744 395 1825; x_wconf 80' lang='lat' dir='ltr'>spatium</span> <span class='ocrx_word' id='word_1_109' title='bbox 415 1745 612 1824; x_wconf 69' lang='lat' dir='ltr'>comparandi.</span> <span class='ocrx_word' id='word_1_110' title='bbox 632 1745 752 1807; x_wconf 86' lang='lat' dir='ltr'>Vocatae</span> <span class='ocrx_word' id='word_1_111' title='bbox 771 1748 825 1807; x_wconf 90' lang='lat' dir='ltr'>tri·</span> 
     </span>
     <span class='ocr_line' id='line_1_19' title="bbox 136 1823 821 1904; baseline 0.004 -19"><span class='ocrx_word' id='word_1_112' title='bbox 136 1826 210 1887; x_wconf 82' lang='lat' dir='ltr'>bus:</span> <span class='ocrx_word' id='word_1_113' title='bbox 222 1826 313 1887; x_wconf 87' lang='lat' dir='ltr'>latum</span> <span class='ocrx_word' id='word_1_114' title='bbox 327 1823 509 1903; x_wconf 61' lang='lat' dir='ltr'>suffragiumn</span> <span class='ocrx_word' id='word_1_115' title='bbox 528 1823 694 1904; x_wconf 71' lang='lat' dir='ltr'>descriptae,</span> <span class='ocrx_word' id='word_1_116' title='bbox 714 1844 821 1889; x_wconf 65' lang='lat' dir='ltr'>renutu</span> 
     </span>
     <span class='ocr_line' id='line_1_20' title="bbox 137 1902 824 1984; baseline -0.001 -16"><span class='ocrx_word' id='word_1_117' title='bbox 137 1908 229 1969; x_wconf 77' lang='lat' dir='ltr'>tiutae.</span> <span class='ocrx_word' id='word_1_118' title='bbox 255 1902 356 1984; x_wconf 64' lang='lat' dir='ltr'>Longi</span> <span class='ocrx_word' id='word_1_119' title='bbox 379 1903 649 1984; x_wconf 76' lang='lat' dir='ltr'>plurimum-valuit</span> <span class='ocrx_word' id='word_1_120' title='bbox 670 1903 824 1967; x_wconf 81' lang='lat' dir='ltr'>Plancius:</span> 
     </span>
     <span class='ocr_line' id='line_1_21' title="bbox 138 1981 823 2064; baseline 0.001 -19"><span class='ocrx_word' id='word_1_121' title='bbox 138 1986 220 2045; x_wconf 89' lang='lat' dir='ltr'>nulla</span> <span class='ocrx_word' id='word_1_122' title='bbox 236 1984 394 2064; x_wconf 85' lang='lat' dir='ltr'>largitionis</span> <span class='ocrx_word' id='word_1_123' title='bbox 413 2002 468 2043; x_wconf 88' lang='lat' dir='ltr'>nec</span> <span class='ocrx_word' id='word_1_124' title='bbox 485 1981 559 2056; x_wconf 79' lang='lat' dir='ltr'>fuit,</span> <span class='ocrx_word' id='word_1_125' title='bbox 578 2003 634 2043; x_wconf 90' lang='lat' dir='ltr'>nec</span> <span class='ocrx_word' id='word_1_126' title='bbox 650 1981 706 2044; x_wconf 84' lang='lat' dir='ltr'>effe</span> <span class='ocrx_word' id='word_1_127' title='bbox 726 1987 823 2064; x_wconf 80' lang='lat' dir='ltr'>potuit</span> 
     </span>
     <span class='ocr_line' id='line_1_22' title="bbox 136 2060 823 2144; baseline 0 -19"><span class='ocrx_word' id='word_1_128' title='bbox 136 2064 271 2143; x_wconf 77' lang='lat' dir='ltr'>suspicio..</span> <span class='ocrx_word' id='word_1_129' title='bbox 289 2067 337 2122; x_wconf 87' lang='lat' dir='ltr'>An</span> <span class='ocrx_word' id='word_1_130' title='bbox 357 2060 474 2122; x_wconf 85' lang='lat' dir='ltr'>tandem</span> <span class='ocrx_word' id='word_1_131' title='bbox 494 2083 551 2122; x_wconf 91' lang='lat' dir='ltr'>una</span> <span class='ocrx_word' id='word_1_132' title='bbox 569 2064 695 2124; x_wconf 85' lang='lat' dir='ltr'>centuria</span> <span class='ocrx_word' id='word_1_133' title='bbox 712 2085 823 2144; x_wconf 83' lang='lat' dir='ltr'>praero·</span> 
     </span>
     <span class='ocr_line' id='line_1_23' title="bbox 138 2142 824 2226; baseline 0.012 -25"><span class='ocrx_word' id='word_1_134' title='bbox 138 2147 240 2226; x_wconf 84' lang='lat' dir='ltr'>gariva</span> <span class='ocrx_word' id='word_1_135' title='bbox 255 2157 366 2200; x_wconf 84' lang='lat' dir='ltr'>tantum</span> <span class='ocrx_word' id='word_1_136' title='bbox 379 2143 466 2202; x_wconf 85' lang='lat' dir='ltr'>habet</span> <span class='ocrx_word' id='word_1_137' title='bbox 481 2142 671 2216; x_wconf 69' lang='lat' dir='ltr'>aucloritatis&#39;,</span> <span class='ocrx_word' id='word_1_138' title='bbox 687 2161 717 2204; x_wconf 87' lang='lat' dir='ltr'>ut</span> <span class='ocrx_word' id='word_1_139' title='bbox 732 2164 824 2209; x_wconf 86' lang='lat' dir='ltr'>nemo</span> 
     </span>
     <span class='ocr_line' id='line_1_24' title="bbox 139 2223 824 2305; baseline 0.004 -21"><span class='ocrx_word' id='word_1_140' title='bbox 139 2231 279 2302; x_wconf 80' lang='lat' dir='ltr'>uinquam</span> <span class='ocrx_word' id='word_1_141' title='bbox 293 2225 371 2301; x_wconf 91' lang='lat' dir='ltr'>prior</span> <span class='ocrx_word' id='word_1_142' title='bbox 385 2242 450 2284; x_wconf 83' lang='lat' dir='ltr'>earn</span> <span class='ocrx_word' id='word_1_143' title='bbox 462 2223 578 2297; x_wconf 83' lang='lat' dir='ltr'>tulerit,</span> <span class='ocrx_word' id='word_1_144' title='bbox 596 2225 664 2305; x_wconf 88' lang='lat' dir='ltr'>quin</span> <span class='ocrx_word' id='word_1_145' title='bbox 678 2228 824 2288; x_wconf 85' lang='lat' dir='ltr'>renuntia·</span> 
     </span>
     <span class='ocr_line' id='line_1_25' title="bbox 138 2304 823 2385; baseline 0.003 -21"><span class='ocrx_word' id='word_1_146' title='bbox 138 2322 186 2364; x_wconf 89' lang='lat' dir='ltr'>tus</span> <span class='ocrx_word' id='word_1_147' title='bbox 207 2305 265 2376; x_wconf 85' lang='lat' dir='ltr'>sit3</span> <span class='ocrx_word' id='word_1_148' title='bbox 287 2319 319 2361; x_wconf 89' lang='lat' dir='ltr'>tu</span> <span class='ocrx_word' id='word_1_149' title='bbox 336 2320 385 2363; x_wconf 80' lang='lat' dir='ltr'>aut</span> <span class='ocrx_word' id='word_1_150' title='bbox 403 2304 445 2364; x_wconf 86' lang='lat' dir='ltr'>his</span> <span class='ocrx_word' id='word_1_151' title='bbox 461 2305 529 2385; x_wconf 88' lang='lat' dir='ltr'>ipsis</span> <span class='ocrx_word' id='word_1_152' title='bbox 549 2306 670 2371; x_wconf 86' lang='lat' dir='ltr'>comitiis</span> <span class='ocrx_word' id='word_1_153' title='bbox 690 2306 823 2369; x_wconf 83' lang='lat' dir='ltr'>consula-·</span> 
     </span>
     <span class='ocr_line' id='line_1_26' title="bbox 138 2385 823 2454; baseline 0 -9"><span class='ocrx_word' id='word_1_154' title='bbox 138 2385 217 2445; x_wconf 87' lang='lat' dir='ltr'>ribus</span> <span class='ocrx_word' id='word_1_155' title='bbox 234 2427 245 2454; x_wconf 92' lang='lat'>,</span> <span class='ocrx_word' id='word_1_156' title='bbox 270 2399 321 2442; x_wconf 85' lang='lat' dir='ltr'>aut</span> <span class='ocrx_word' id='word_1_157' title='bbox 336 2385 414 2445; x_wconf 67' lang='lat' dir='ltr'>certi</span> <span class='ocrx_word' id='word_1_158' title='bbox 430 2387 461 2445; x_wconf 89' lang='lat' dir='ltr'>in</span> <span class='ocrx_word' id='word_1_159' title='bbox 478 2386 560 2451; x_wconf 85' lang='lat' dir='ltr'>illurn</span> <span class='ocrx_word' id='word_1_160' title='bbox 578 2407 686 2446; x_wconf 86' lang='lat' dir='ltr'>annum</span> <span class='ocrx_word' id='word_1_161' title='bbox 706 2386 823 2446; x_wconf 81' lang='lat' dir='ltr'>aedilenr</span> 
     </span>
     <span class='ocr_line' id='line_1_27' title="bbox 138 2461 823 2545; baseline -0.004 -19"><span class='ocrx_word' id='word_1_162' title='bbox 138 2463 287 2526; x_wconf 84' lang='lat' dir='ltr'>Plancium</span> <span class='ocrx_word' id='word_1_163' title='bbox 304 2461 410 2525; x_wconf 68' lang='lat' dir='ltr'>fastum</span> <span class='ocrx_word' id='word_1_164' title='bbox 424 2467 595 2535; x_wconf 57' lang='lat' dir='ltr'>miraris-sin</span> <span class='ocrx_word' id='word_1_165' title='bbox 606 2480 666 2545; x_wconf 80' lang='lat' dir='ltr'>quo</span> <span class='ocrx_word' id='word_1_166' title='bbox 680 2485 742 2525; x_wconf 90' lang='lat' dir='ltr'>non</span> <span class='ocrx_word' id='word_1_167' title='bbox 757 2465 823 2525; x_wconf 84' lang='lat' dir='ltr'>exi·</span> 
     </span>
     <span class='ocr_line' id='line_1_28' title="bbox 139 2542 884 2626; baseline 0.003 -23"><span class='ocrx_word' id='word_1_168' title='bbox 139 2566 196 2626; x_wconf 79' lang='lat' dir='ltr'>gua</span> <span class='ocrx_word' id='word_1_169' title='bbox 216 2563 323 2625; x_wconf 81' lang='lat' dir='ltr'>pars.p</span> <span class='ocrx_word' id='word_1_170' title='bbox 365 2542 434 2615; x_wconf 88' lang='lat' dir='ltr'>uli,</span> <span class='ocrx_word' id='word_1_171' title='bbox 456 2542 506 2603; x_wconf 90' lang='lat' dir='ltr'>sed</span> <span class='ocrx_word' id='word_1_172' title='bbox 526 2543 681 2603; x_wconf 79' lang='lat' dir='ltr'>universus</span> <span class='ocrx_word' id='word_1_173' title='bbox 696 2543 824 2625; x_wconf 86' lang='lat' dir='ltr'>populus</span> <span class='ocrx_word' id='word_1_174' title='bbox 881 2543 884 2550; x_wconf 82' lang='grc'><strong><em>’</em></strong></span> 
     </span>
     <span class='ocr_line' id='line_1_29' title="bbox 93 2621 824 2701; baseline -0.001 -15"><span class='ocrx_word' id='word_1_175' title='bbox 93 2670 96 2674; x_wconf 91' lang='grc'><strong>-</strong></span> <span class='ocrx_word' id='word_1_176' title='bbox 139 2624 323 2686; x_wconf 73' lang='lat' dir='ltr'>voluntatem</span> <span class='ocrx_word' id='word_1_177' title='bbox 352 2643 417 2683; x_wconf 82' lang='lat' dir='ltr'>uatn</span> <span class='ocrx_word' id='word_1_178' title='bbox 429 2621 602 2683; x_wconf 78' lang='lat' dir='ltr'>declararit?</span> <span class='ocrx_word' id='word_1_179' title='bbox 620 2621 701 2701; x_wconf 80' lang='lat' dir='ltr'>cujus</span> <span class='ocrx_word' id='word_1_180' title='bbox 715 2626 744 2682; x_wconf 93' lang='lat' dir='ltr'>in</span> <span class='ocrx_word' id='word_1_181' title='bbox 762 2623 824 2690; x_wconf 49' lang='lat' dir='ltr'>ho&amp;</span> 
     </span>
     <span class='ocr_line' id='line_1_30' title="bbox 140 2701 821 2781; baseline 0.001 -14"><span class='ocrx_word' id='word_1_182' title='bbox 140 2724 214 2767; x_wconf 88' lang='lat' dir='ltr'>nore</span> <span class='ocrx_word' id='word_1_183' title='bbox 237 2726 299 2765; x_wconf 90' lang='lat' dir='ltr'>non</span> <span class='ocrx_word' id='word_1_184' title='bbox 319 2707 400 2764; x_wconf 90' lang='lat' dir='ltr'>unius</span> <span class='ocrx_word' id='word_1_185' title='bbox 419 2701 508 2763; x_wconf 81' lang='lat' dir='ltr'>tribils</span> <span class='ocrx_word' id='word_1_186' title='bbox 529 2719 613 2781; x_wconf 82' lang='lat' dir='ltr'>pars,</span> <span class='ocrx_word' id='word_1_187' title='bbox 633 2701 682 2764; x_wconf 91' lang='lat' dir='ltr'>sed</span> <span class='ocrx_word' id='word_1_188' title='bbox 704 2707 821 2768; x_wconf 82' lang='lat' dir='ltr'>comitia</span> 
     </span>
     <span class='ocr_line' id='line_1_31' title="bbox 140 2782 700 2865; baseline -0.009 -18"><span class='ocrx_word' id='word_1_189' title='bbox 140 2793 205 2848; x_wconf 81' lang='lat' dir='ltr'>tota&#39;</span> <span class='ocrx_word' id='word_1_190' title='bbox 223 2785 346 2844; x_wconf 88' lang='lat' dir='ltr'>comitiis</span> <span class='ocrx_word' id='word_1_191' title='bbox 366 2782 471 2844; x_wconf 78' lang='lat' dir='ltr'>fuerint</span> <span class='ocrx_word' id='word_1_192' title='bbox 488 2783 700 2865; x_wconf 80' lang='lat' dir='ltr'>praetogativa?</span> 
     </span>
    </p>

    <p class='ocr_par' dir='ltr' id='par_1_4' title="bbox 185 2863 827 3007">
     <span class='ocr_line' id='line_1_32' title="bbox 185 2863 827 3007; baseline 0.009 -83"><span class='ocrx_word' id='word_1_193' title='bbox 185 2883 233 2947; x_wconf 87' lang='lat'>50.</span> <span class='ocrx_word' id='word_1_194' title='bbox 259 2865 334 2944; x_wconf 70' lang='lat' dir='ltr'>Quo,</span> <span class='ocrx_word' id='word_1_195' title='bbox 347 2863 467 3007; x_wconf 42' lang='lat' dir='ltr'>§uidem</span> <span class='ocrx_word' id='word_1_196' title='bbox 483 2881 640 2948; x_wconf 86' lang='lat' dir='ltr'>ternpore,</span> <span class='ocrx_word' id='word_1_197' title='bbox 657 2863 745 2941; x_wconf 83' lang='lat' dir='ltr'>siid,</span> <span class='ocrx_word' id='word_1_198' title='bbox 764 2865 827 2929; x_wconf 80' lang='lat' dir='ltr'>La·</span> 
     </span>
    </p>

    <p class='ocr_par' dir='ltr' id='par_1_5' title="bbox 197 2944 787 3010">
     <span class='ocr_line' id='line_1_33' title="bbox 197 2944 787 3010; baseline -0.003 -1"><span class='ocrx_word' id='word_1_199' title='bbox 197 2950 297 3009; x_wconf 80' lang='lat' dir='ltr'>Tamus</span> <span class='ocrx_word' id='word_1_200' title='bbox 317 2952 347 3010; x_wconf 92' lang='lat' dir='ltr'><em>V</em></span> <span class='ocrx_word' id='word_1_201' title='bbox 364 2987 374 3010; x_wconf 82' lang='lat'><strong>.</strong></span> <span class='ocrx_word' id='word_1_202' title='bbox 675 2944 700 3007; x_wconf 91' lang='lat' dir='ltr'>Z</span> <span class='ocrx_word' id='word_1_203' title='bbox 782 2972 787 2981; x_wconf 95' lang='lat'><em>·</em></span> 
     </span>
    </p>
   </div>
   <div class='ocr_carea' id='block_1_3' title="bbox 0 0 1070 3942">
    <p class='ocr_par' dir='ltr' id='par_1_6' title="bbox 0 0 1070 3942">
     <span class='ocr_line' id='line_1_34' title="bbox 0 0 1070 3942; baseline 0 0"><span class='ocrx_word' id='word_1_204' title='bbox 0 0 1070 3942; x_wconf 95' lang='lat' dir='ltr'> </span> 
     </span>
    </p>
   </div>
  </div>
 </body>
</html>
