2117 3942
326 418 717 491 Consum-ataui.
792 414 869 518 '365'

226 552 277 597 η.
295 532 391 595 Multa
406 551 573 615 praetereo,
592 535 671 614 qubd
684 538 799 596 intueor
816 557 872 597 co·

185 615 249 678 tim
268 615 330 677 hac
347 616 454 676 lumina
474 632 560 694 atque
581 635 750 677 ornamenta
769 619 872 696 reipu-

183 696 294 769 blicae,
315 694 349 757 P.
376 693 555 763 Servilium,
574 695 606 754 δι
624 695 671 754 Μ.
698 697 869 757 Lucullum:

182 779 295 837 utinam
322 777 410 837 etiam
437 774 471 834 L.
499 773 634 833 Lucullus
658 775 706 836 ille
729 776 869 837 viveret!

183 856 264 938 Quae
279 855 396 917 filerunt
415 854 570 914 inimicitiae
588 857 735 936 graviores
752 857 781 916 in
798 858 870 917 civi·

286 935 872 1078 uiulumumlc

185 1038 330 1160 affinxitu
340 1095 500 1177 respublica
524 1094 699 1176 dignitasque
723 1094 871 1176 ipsorum,

184 1177 233 1245 sed
258 1176 407 1239 etiamad
433 1178 589 1237 amicitiam
615 1176 873 1237 consuetudinem·

185 1278 242 1340 qne
255 1257 392 1319 traduxit.
409 1254 518 1335 Quid?
534 1255 578 1335 Q.
592 1255 731 1317 Metellus
748 1255 873 1337 Nepos,

185 1357 286 1401 nonne
304 1335 403 1398 consul
415 1339 446 1396 in
460 1336 574 1416 templo
592 1335 678 1432 lovis·
693 1339 796 1417 optimi
809 1358 874 1399 mae

184 1415 872 1580 llllllff‘lzllll„llbllffilllla

185 1579 322 1652 dicendi,
342 1577 441 1637 absens
460 1597 576 1636 mecum
588 1624 598 1651 ,
612 1577 726 1638 summo
744 1577 794 1639 suo
815 1579 872 1640 be-

186 1658 316 1729 uclicio,
333 1657 417 1718 rediit
434 1658 464 1715 in
482 1658 629 1738 gratiam?
650 1658 700 1718 An
719 1679 776 1740 ego
798 1681 873 1740 pos·

184 1739 246 1801 sum
262 1740 329 1801 huic
349 1736 405 1798 elle
423 1738 575 1811 inimicus,
594 1735 676 1817 cujus
695 1738 815 1813 litteris,
829 1739 873 1801 fa·

185 1819 233 1881 mi
247 1845 267 1893 ς·
283 1820 390 1879 nuntiis
406 1862 416 1891 ,
436 1817 617 1877 celebrantur
636 1838 719 1878 aures
741 1820 872 1900 quotidie

186 1920 259 1961 meae
283 1899 369 1959 novis
395 1898 560 1959 nominibus
590 1899 749 1980 gentium,
775 1903 873 1960 natio·
978 1908 981 1912 '

186 1986 256 2042 nuni
269 1977 453 2053 ,locorumi

227 2077 277 2138 23.
297 2057 421 2129 Ardeo,
435 2058 505 2117 mihi
521 2057 631 2118 credite
647 2102 657 2131 ,
675 2055 774 2118 Patres
799 2079 872 2118 con·

184 2139 282 2222 scripti
300 2138 356 2220 (id
376 2138 456 2219 quod
468 2136 582 2198 vosmet
601 2138 639 2198 de
658 2158 707 2198 me
727 2136 872 2200 existima-

185 2223 245 2294 tit,
273 2221 307 2280 &
330 2218 423 2278 facitis
445 2217 533 2300 ipsi)
559 2218 717 2279 incredibili
743 2221 872 2300 quodam

184 2320 287 2360 amore
301 2301 421 2378 patriae;
439 2301 487 2378 qui
506 2319 555 2360 me
569 2321 651 2359 amor
669 2300 700 2360 &
717 2299 871 2362 subvenire

187 2381 257 2441 olim
271 2377 504 2460 impendentibus
515 2381 649 2460 periculis
662 2383 791 2442 maximis
804 2402 872 2440 cunt

186 2461 372 2521 dimicatione
384 2462 504 2540 capitis,
519 2461 690 2532 decursum,
706 2481 794 2540 quum
807 2480 874 2519 om·

186 2544 234 2601 uia
253 2540 313 2601 tela
337 2539 463 2620 undique
489 2538 547 2600 effe
569 2542 679 2600 intenta
698 2542 728 2598 in
749 2542 873 2618 patriam

187 2621 349 2693 viderem,
373 2619 465 2680 subire
492 2621 590 2699 co'e'git
619 2637 705 2698 atque
735 2622 872 2699 excipere

187 2723 275 2762 unum
290 2722 347 2782 pro
360 2702 519 2761 universis:
535 2699 643 2758 hicme
657 2718 739 2758 meus
753 2701 782 2756 in
794 2720 873 2760 rem·
944 2760 949 2771 x

188 2783 331 2863 publicam
344 2783 455 2842 animus
468 2777 598 2860 pristinus
610 2801 643 2838 ac
656 2781 790 2858 perennis
803 2801 870 2843 cum

189 2861 225 2924 C.
244 2861 359 2924 Caesate
383 2862 519 2934 reducit,
541 2860 732 2933 reconciliat,
753 2859 872 2922 restituit

189 2943 216 3005 in
234 2945 367 3027 gratiam.
389 2942 485 3029 Quod
504 2941 609 3008 volent
627 2941 752 3037 denique
773 2942 873 3011 homi·¹

666 3021 748 3104 Qu
