2117 3942
273 420 355 496 454
497 397 720 466 ORATIO

272 518 424 585 vinxerat,
441 511 465 570 is
484 509 559 572 sein
577 512 692 593 publico
708 510 771 571 tuti>
788 509 885 572 statuit
904 508 956 575 elie

273 614 336 656 non
349 589 448 672 poffe?
465 590 514 651 An
523 611 586 653 tum
601 595 686 652 eratis
701 589 851 666 consules,
862 614 957 674 quum,

271 690 454 756 quacumque
476 671 514 749 de
540 692 571 733 re
592 674 717 733 verbum
733 667 833 733 facete
857 694 905 733 coe
925 694 958 736 e-

274 756 367 826 ratis,
392 768 439 811 aut
464 751 574 812 referre
599 752 636 812 ad
663 751 818 826 senatum
844 696 957 814 cungnn

274 833 351 894 ordo
360 833 550 906 reclamabat,
559 830 805 912 ostendebatque,
816 833 889 893 nihil
903 833 955 895 effe

274 935 331 975 vos
344 912 474 982 animos,
494 915 548 972 nisi
564 915 641 994 prins
660 913 697 972 de
714 931 762 972 me
780 913 956 975 retulissetis?

276 1015 365 1076 quum
390 1011 466 1064 vos,
489 1011 666 1075 'quamquam
694 991 810 1053 foedere
834 993 954 1056 obstfiffi

274 1073 470 1145 tenebamini,
483 1091 582 1133 tamen
600 1092 707 1154 cupere
727 1094 785 1134 vos
803 1073 954 1152 diceretis,

276 1155 329 1216 sed
346 1156 412 1235 iege
429 1156 469 1212 im
493 1153 585 1215 editi?
605 1158 610 1163 '

321 1253 368 1313 30.
382 1234 460 1312 Quae
469 1175 647 1316 fex-privatis
660 1233 828 1296 hominibus
848 1233 906 1296 effe
914 1234 955 1296 lex

276 1335 339 1376 non
357 1315 531 1388 videbatur,
546 1313 637 1374 inusta
652 1335 705 1395 per
725 1313 849 1389 seinos,
873 1314 953 1376 incisa

298 1415 329 1455 et
345 1398 426 1468 vim,
443 1395 579 1474 imposita
597 1414 649 1476 per
663 1395 843 1455 latrocinium
858 1439 871 1467 ,
888 1394 953 1454 sub·

275 1417 337 1534 tito
350 1473 468 1547 senatu,
484 1475 573 1554 puisis
585 1495 603 1535 e
621 1474 689 1535 foro
701 1476 789 1536 bonis
798 1474 950 1548 omnibus,

275 1554 361 1634 capti
372 1554 521 1634 republica
534 1571 635 1615 contra
647 1576 751 1616 omnes
766 1557 867 1638 leges,
878 1555 955 1617 nullo

275 1637 379 1715 scripta
394 1652 480 1694 more
498 1655 508 1708 3
527 1635 600 1695 hanc
621 1638 670 1716 qui
685 1637 713 1696 se
731 1652 866 1697 metuere
884 1637 956 1696 dice·

272 1731 363 1788 rent,
381 1713 436 1774 hos
451 1714 604 1788 consules,
619 1738 681 1776 non
701 1717 796 1775 dicam
807 1719 896 1776 animi
905 1717 957 1776 ho·

273 1798 408 1868 minum,
424 1793 475 1854 sed
494 1794 556 1856 fasti
568 1795 702 1857 uiliferre
718 1795 859 1876 poffunt?
873 1796 954 1870 Nam,

276 1877 302 1933 si
325 1875 403 1934 illam
422 1875 519 1957 legem
541 1897 602 1937 non
624 1877 788 1956 putabatis,
814 1898 880 1958 quae
901 1893 955 1938 etat

275 1971 378 2014 eontra
394 1975 497 2015 omnes
508 1956 608 2038 leges,
624 1957 784 2017 indemnati
794 1959 866 2017 civis
876 1972 955 2039 atque

275 2036 380 2116 integri
389 2038 505 2116 capitis,
517 2037 721 2118 bonorumque
731 2037 881 2097 tribunitia
893 2058 955 2119 prn-

273 2114 390 2194 scriptio
403 2137 413 2188 3
435 2117 488 2175 hac
505 2133 605 2176 tamen
617 2115 742 2177 obstriffi
761 2117 899 2220 Raffione
914 2134 954 2178 te·

275 2195 423 2254 nebamini
434 2216 444 2269 ;
476 2198 517 2255 uis
540 2217 596 2257 vos
613 2218 674 2257 non
691 2196 784 2257 modo
806 2198 954 2273 consules,

274 2271 325 2333 sed
336 2273 442 2334 liberos
454 2216 534 2336 giiffe
549 2293 652 2356 putet,
663 2296 787 2359 qnorum
798 2297 885 2338 mens
896 2277 954 2338 fuess

232 2396 236 2405 .
275 2354 313 2412 rit
327 2353 457 2433 oppreffa
467 2359 609 2434 praemio,
627 2358 723 2440 lingua
738 2355 870 2418 adstriaa
882 2379 954 2418 men·

278 2433 372 2494 cede?
394 2435 437 2493 sin
452 2435 530 2494 illam
545 2457 601 2496 vos
619 2436 673 2498 soli
684 2438 779 2519 legem
796 2439 955 2518 putabati53

275 2513 423 2596 quisquam
450 2536 506 2576 vos
530 2515 661 2578 consules
687 2535 756 2577 tunc
783 2517 886 2594 fuisse,
912 2532 956 2578 ant

276 2614 352 2655 nunc
366 2594 422 2656 esse
432 2595 593 2658 consulares
608 2612 711 2679 putet,
723 2599 773 2679 qui
783 2597 847 2678 ejus
860 2601 955 2659 civin-

275 2678 333 2746 tis,
353 2678 383 2736 in
410 2680 517 2758 quain
542 2681 701 2759 principum
726 2699 852 2740 numero
874 2679 955 2740 vultis

274 2753 354 2828 effe,
376 2778 437 2816 non
459 2758 562 2840 leges,
581 2780 642 2819 non
662 2755 804 2833 instituta,
823 2781 885 2820 non
896 2757 955 2839 jura

275 2836 399 2895 noritis?
419 2836 489 2911 An,
511 2860 598 2919 quum
623 2837 883 2920 proficiscebamini
903 2860 954 2920 pa-

275 2912 363 2974 ludati
379 2918 407 2977 in
423 2920 588 2997 provincias
601 2920 650 2985 vel
660 2935 793 3000 emptas,
809 2921 859 2984 vel
874 2940 953 3000 erep-
