<?xml version="1.0" encoding="UTF-8"?>
<!DOCTYPE html PUBLIC "-//W3C//DTD XHTML 1.0 Transitional//EN"
    "http://www.w3.org/TR/xhtml1/DTD/xhtml1-transitional.dtd">
<html xmlns="http://www.w3.org/1999/xhtml" xml:lang="en" lang="en">
 <head>
  <title>
</title>
<meta http-equiv="Content-Type" content="text/html;charset=utf-8" />
  <meta name='ocr-system' content='tesseract 3.04.00' />
  <meta name='ocr-capabilities' content='ocr_page ocr_carea ocr_par ocr_line ocrx_word'/>
</head>
<body>
  <div class='ocr_page' id='page_1' title='image "./mtulliiciceroni06lallgoog_0352.png"; bbox 0 0 2117 3942; ppageno 0'>
   <div class='ocr_carea' id='block_1_1' title="bbox 286 381 821 479">
    <p class='ocr_par' dir='ltr' id='par_1_1' title="bbox 286 381 821 479">
     <span class='ocr_line' id='line_1_1' title="bbox 286 381 821 479; baseline 0.011 -29"><span class='ocrx_word' id='word_1_1' title='bbox 286 381 387 452; x_wconf 80' lang='lat' dir='ltr'>Pno</span> <span class='ocrx_word' id='word_1_2' title='bbox 413 381 466 456; x_wconf 88' lang='lat' dir='ltr'>M.</span> <span class='ocrx_word' id='word_1_3' title='bbox 494 384 674 453; x_wconf 72' lang='lat' dir='ltr'>cozzo</span> <span class='ocrx_word' id='word_1_4' title='bbox 743 384 821 479; x_wconf 80' lang='lat'>389</span> 
     </span>
    </p>
   </div>
   <div class='ocr_carea' id='block_1_2' title="bbox 134 497 822 1699">
    <p class='ocr_par' dir='ltr' id='par_1_2' title="bbox 137 497 822 738">
     <span class='ocr_line' id='line_1_2' title="bbox 138 497 822 578; baseline -0.004 -17"><span class='ocrx_word' id='word_1_5' title='bbox 138 500 271 563; x_wconf 81' lang='lat' dir='ltr'>luerunt:</span> <span class='ocrx_word' id='word_1_6' title='bbox 289 498 350 557; x_wconf 87' lang='lat' dir='ltr'>laus</span> <span class='ocrx_word' id='word_1_7' title='bbox 366 497 485 578; x_wconf 86' lang='lat' dir='ltr'>pudoris</span> <span class='ocrx_word' id='word_1_8' title='bbox 499 499 558 570; x_wconf 88' lang='lat' dir='ltr'>tui,</span> <span class='ocrx_word' id='word_1_9' title='bbox 577 499 657 578; x_wconf 75' lang='lat' dir='ltr'>quod</span> <span class='ocrx_word' id='word_1_10' title='bbox 674 519 709 559; x_wconf 89' lang='lat' dir='ltr'>ea</span> <span class='ocrx_word' id='word_1_11' title='bbox 728 515 758 559; x_wconf 88' lang='lat' dir='ltr'>te</span> <span class='ocrx_word' id='word_1_12' title='bbox 775 501 822 558; x_wconf 89' lang='lat' dir='ltr'>in·</span> 
     </span>
     <span class='ocr_line' id='line_1_3' title="bbox 137 576 819 661; baseline -0.003 -21"><span class='ocrx_word' id='word_1_13' title='bbox 137 583 231 641; x_wconf 83' lang='lat' dir='ltr'>vitum</span> <span class='ocrx_word' id='word_1_14' title='bbox 244 577 350 639; x_wconf 77' lang='lat' dir='ltr'>-dicere</span> <span class='ocrx_word' id='word_1_15' title='bbox 373 576 543 639; x_wconf 80' lang='lat' dir='ltr'>videbamus</span> <span class='ocrx_word' id='word_1_16' title='bbox 553 599 563 651; x_wconf 82' lang='lat'>3</span> <span class='ocrx_word' id='word_1_17' title='bbox 585 581 718 661; x_wconf 86' lang='lat' dir='ltr'>ingenii,</span> <span class='ocrx_word' id='word_1_18' title='bbox 739 578 819 661; x_wconf 79' lang='lat' dir='ltr'>quod</span> 
     </span>
     <span class='ocr_line' id='line_1_4' title="bbox 138 657 527 738; baseline -0.015 -16"><span class='ocrx_word' id='word_1_19' title='bbox 138 658 241 722; x_wconf 68' lang='lat' dir='ltr'>ornatd</span> <span class='ocrx_word' id='word_1_20' title='bbox 279 657 408 738; x_wconf 73' lang='lat' dir='ltr'>olitdque</span> <span class='ocrx_word' id='word_1_21' title='bbox 427 657 527 717; x_wconf 84' lang='lat' dir='ltr'>dixisti.</span> 
     </span>
    </p>

    <p class='ocr_par' dir='ltr' id='par_1_3' title="bbox 134 735 820 1699">
     <span class='ocr_line' id='line_1_5' title="bbox 177 735 820 799; baseline -0.002 0"><span class='ocrx_word' id='word_1_22' title='bbox 177 738 239 799; x_wconf 92' lang='lat' dir='ltr'>IV.</span> <span class='ocrx_word' id='word_1_23' title='bbox 289 741 374 798; x_wconf 76' lang='lat' dir='ltr'>eritm</span> <span class='ocrx_word' id='word_1_24' title='bbox 397 738 434 796; x_wconf 89' lang='lat' dir='ltr'>ad</span> <span class='ocrx_word' id='word_1_25' title='bbox 457 735 539 796; x_wconf 85' lang='lat' dir='ltr'>istam</span> <span class='ocrx_word' id='word_1_26' title='bbox 565 757 683 798; x_wconf 88' lang='lat' dir='ltr'>omnem</span> <span class='ocrx_word' id='word_1_27' title='bbox 707 741 820 799; x_wconf 69' lang='lat' dir='ltr'>oratio-</span> 
     </span>
     <span class='ocr_line' id='line_1_6' title="bbox 136 816 817 897; baseline 0.001 -18"><span class='ocrx_word' id='word_1_28' title='bbox 136 839 205 881; x_wconf 81' lang='lat' dir='ltr'>nem</span> <span class='ocrx_word' id='word_1_29' title='bbox 220 819 319 880; x_wconf 82' lang='lat' dir='ltr'>brevis</span> <span class='ocrx_word' id='word_1_30' title='bbox 335 816 376 877; x_wconf 89' lang='lat' dir='ltr'>est</span> <span class='ocrx_word' id='word_1_31' title='bbox 389 816 543 888; x_wconf 80' lang='lat' dir='ltr'>defensio.;</span> <span class='ocrx_word' id='word_1_32' title='bbox 558 838 626 875; x_wconf 87' lang='lat' dir='ltr'>nam</span> <span class='ocrx_word' id='word_1_33' title='bbox 640 820 737 897; x_wconf 86' lang='lat' dir='ltr'>quoad</span> <span class='ocrx_word' id='word_1_34' title='bbox 749 837 817 881; x_wconf 81' lang='lat' dir='ltr'>aetas</span> 
     </span>
     <span class='ocr_line' id='line_1_7' title="bbox 136 895 817 977; baseline -0.001 -18"><span class='ocrx_word' id='word_1_35' title='bbox 136 899 182 961; x_wconf 89' lang='lat' dir='ltr'>M.</span> <span class='ocrx_word' id='word_1_36' title='bbox 195 897 285 961; x_wconf 86' lang='lat' dir='ltr'>Coelii</span> <span class='ocrx_word' id='word_1_37' title='bbox 296 897 365 956; x_wconf 87' lang='lat' dir='ltr'>date</span> <span class='ocrx_word' id='word_1_38' title='bbox 379 900 472 976; x_wconf 87' lang='lat' dir='ltr'>potuit</span> <span class='ocrx_word' id='word_1_39' title='bbox 482 895 525 955; x_wconf 85' lang='lat' dir='ltr'>isti</span> <span class='ocrx_word' id='word_1_40' title='bbox 538 895 687 977; x_wconf 87' lang='lat' dir='ltr'>suspicioni</span> <span class='ocrx_word' id='word_1_41' title='bbox 699 900 817 975; x_wconf 88' lang='lat' dir='ltr'>locum,</span> 
     </span>
     <span class='ocr_line' id='line_1_8' title="bbox 135 977 817 1059; baseline 0 -21"><span class='ocrx_word' id='word_1_42' title='bbox 135 977 188 1040; x_wconf 82' lang='lat' dir='ltr'>fuit</span> <span class='ocrx_word' id='word_1_43' title='bbox 211 979 336 1059; x_wconf 78' lang='lat' dir='ltr'>primum</span> <span class='ocrx_word' id='word_1_44' title='bbox 353 979 439 1056; x_wconf 91' lang='lat' dir='ltr'>ipsius</span> <span class='ocrx_word' id='word_1_45' title='bbox 457 977 591 1056; x_wconf 87' lang='lat' dir='ltr'>pudore,</span> <span class='ocrx_word' id='word_1_46' title='bbox 606 978 712 1038; x_wconf 86' lang='lat' dir='ltr'>deinde</span> <span class='ocrx_word' id='word_1_47' title='bbox 731 982 817 1038; x_wconf 84' lang='lat' dir='ltr'>etiam</span> 
     </span>
     <span class='ocr_line' id='line_1_9' title="bbox 136 1056 818 1140; baseline 0.001 -22"><span class='ocrx_word' id='word_1_48' title='bbox 136 1057 388 1140; x_wconf 75' lang='lat' dir='ltr'>patrisdiligentid</span> <span class='ocrx_word' id='word_1_49' title='bbox 402 1056 606 1137; x_wconf 77' lang='lat' dir='ltr'>disciplinaique</span> <span class='ocrx_word' id='word_1_50' title='bbox 623 1059 749 1117; x_wconf 88' lang='lat' dir='ltr'>munita:</span> <span class='ocrx_word' id='word_1_51' title='bbox 768 1061 818 1140; x_wconf 91' lang='lat' dir='ltr'>qui</span> 
     </span>
     <span class='ocr_line' id='line_1_10' title="bbox 136 1137 817 1219; baseline -0.001 -20"><span class='ocrx_word' id='word_1_52' title='bbox 136 1155 167 1199; x_wconf 83' lang='lat' dir='ltr'>ut</span> <span class='ocrx_word' id='word_1_53' title='bbox 185 1140 251 1201; x_wconf 89' lang='lat' dir='ltr'>huic</span> <span class='ocrx_word' id='word_1_54' title='bbox 267 1137 382 1198; x_wconf 81' lang='lat' dir='ltr'>vitilem</span> <span class='ocrx_word' id='word_1_55' title='bbox 399 1154 500 1219; x_wconf 86' lang='lat' dir='ltr'>togam</span> <span class='ocrx_word' id='word_1_56' title='bbox 514 1137 614 1210; x_wconf 84' lang='lat' dir='ltr'>dedit,</span> <span class='ocrx_word' id='word_1_57' title='bbox 634 1138 702 1197; x_wconf 84' lang='lat' dir='ltr'>nihil</span> <span class='ocrx_word' id='word_1_58' title='bbox 722 1137 817 1198; x_wconf 86' lang='lat' dir='ltr'>dicam</span> 
     </span>
     <span class='ocr_line' id='line_1_11' title="bbox 136 1216 817 1298; baseline -0.007 -15"><span class='ocrx_word' id='word_1_59' title='bbox 136 1218 280 1283; x_wconf 81' lang='lat' dir='ltr'>hocloco</span> <span class='ocrx_word' id='word_1_60' title='bbox 302 1216 339 1292; x_wconf 83' lang='lat' dir='ltr'>de</span> <span class='ocrx_word' id='word_1_61' title='bbox 361 1238 409 1277; x_wconf 89' lang='lat' dir='ltr'>me</span> <span class='ocrx_word' id='word_1_62' title='bbox 421 1238 431 1289; x_wconf 88' lang='lat'>;</span> <span class='ocrx_word' id='word_1_63' title='bbox 454 1234 567 1276; x_wconf 88' lang='lat' dir='ltr'>tantum</span> <span class='ocrx_word' id='word_1_64' title='bbox 589 1219 654 1290; x_wconf 83' lang='lat' dir='ltr'>sit,</span> <span class='ocrx_word' id='word_1_65' title='bbox 678 1219 817 1298; x_wconf 81' lang='lat' dir='ltr'>quantum</span> 
     </span>
     <span class='ocr_line' id='line_1_12' title="bbox 136 1296 817 1378; baseline 0 -19"><span class='ocrx_word' id='word_1_66' title='bbox 136 1320 190 1360; x_wconf 84' lang='lat' dir='ltr'>vos</span> <span class='ocrx_word' id='word_1_67' title='bbox 208 1296 388 1358; x_wconf 79' lang='lat' dir='ltr'>existimatis:</span> <span class='ocrx_word' id='word_1_68' title='bbox 408 1299 468 1356; x_wconf 84' lang='lat' dir='ltr'>hoc</span> <span class='ocrx_word' id='word_1_69' title='bbox 482 1298 594 1369; x_wconf 86' lang='lat' dir='ltr'>dicam,</span> <span class='ocrx_word' id='word_1_70' title='bbox 612 1298 687 1358; x_wconf 88' lang='lat' dir='ltr'>hunc</span> <span class='ocrx_word' id='word_1_71' title='bbox 702 1321 719 1357; x_wconf 90' lang='lat' dir='ltr'>a</span> <span class='ocrx_word' id='word_1_72' title='bbox 733 1316 817 1378; x_wconf 74' lang='lat' dir='ltr'>patre</span> 
     </span>
     <span class='ocr_line' id='line_1_13' title="bbox 135 1376 818 1444; baseline 0.003 -6"><span class='ocrx_word' id='word_1_73' title='bbox 135 1379 275 1444; x_wconf 74' lang='lat' dir='ltr'>continui&gt;</span> <span class='ocrx_word' id='word_1_74' title='bbox 301 1377 339 1436; x_wconf 88' lang='lat' dir='ltr'>ad</span> <span class='ocrx_word' id='word_1_75' title='bbox 364 1397 412 1437; x_wconf 90' lang='lat' dir='ltr'>me</span> <span class='ocrx_word' id='word_1_76' title='bbox 435 1376 492 1437; x_wconf 85' lang='lat' dir='ltr'>else</span> <span class='ocrx_word' id='word_1_77' title='bbox 516 1377 695 1437; x_wconf 69' lang='lat' dir='ltr'>dedusium:</span> <span class='ocrx_word' id='word_1_78' title='bbox 726 1398 818 1440; x_wconf 88' lang='lat' dir='ltr'>nemo</span> 
     </span>
     <span class='ocr_line' id='line_1_14' title="bbox 134 1455 816 1533; baseline -0.004 -14"><span class='ocrx_word' id='word_1_79' title='bbox 134 1459 209 1521; x_wconf 87' lang='lat' dir='ltr'>hunc</span> <span class='ocrx_word' id='word_1_80' title='bbox 222 1457 268 1518; x_wconf 88' lang='lat' dir='ltr'>M.</span> <span class='ocrx_word' id='word_1_81' title='bbox 279 1455 406 1519; x_wconf 87' lang='lat' dir='ltr'>Coelium</span> <span class='ocrx_word' id='word_1_82' title='bbox 420 1459 448 1516; x_wconf 91' lang='lat' dir='ltr'>in</span> <span class='ocrx_word' id='word_1_83' title='bbox 464 1457 515 1517; x_wconf 91' lang='lat' dir='ltr'>illo</span> <span class='ocrx_word' id='word_1_84' title='bbox 532 1459 621 1517; x_wconf 86' lang='lat' dir='ltr'>aetatis</span> <span class='ocrx_word' id='word_1_85' title='bbox 637 1458 710 1519; x_wconf 86' lang='lat' dir='ltr'>flore</span> <span class='ocrx_word' id='word_1_86' title='bbox 724 1460 816 1533; x_wconf 88' lang='lat' dir='ltr'>vidit,</span> 
     </span>
     <span class='ocr_line' id='line_1_15' title="bbox 135 1533 815 1611; baseline 0 -13"><span class='ocrx_word' id='word_1_87' title='bbox 135 1542 188 1599; x_wconf 88' lang='lat' dir='ltr'>nisi</span> <span class='ocrx_word' id='word_1_88' title='bbox 207 1533 256 1598; x_wconf 76' lang='lat' dir='ltr'>aui</span> <span class='ocrx_word' id='word_1_89' title='bbox 275 1559 340 1596; x_wconf 88' lang='lat' dir='ltr'>cum</span> <span class='ocrx_word' id='word_1_90' title='bbox 376 1555 462 1610; x_wconf 84' lang='lat' dir='ltr'>atre,</span> <span class='ocrx_word' id='word_1_91' title='bbox 487 1555 535 1596; x_wconf 89' lang='lat' dir='ltr'>aut</span> <span class='ocrx_word' id='word_1_92' title='bbox 551 1559 666 1598; x_wconf 88' lang='lat' dir='ltr'>mecum</span> <span class='ocrx_word' id='word_1_93' title='bbox 685 1585 695 1611; x_wconf 91' lang='lat'>‚</span> <span class='ocrx_word' id='word_1_94' title='bbox 716 1557 765 1598; x_wconf 90' lang='lat' dir='ltr'>aut</span> <span class='ocrx_word' id='word_1_95' title='bbox 785 1543 815 1599; x_wconf 88' lang='lat' dir='ltr'>in</span> 
     </span>
     <span class='ocr_line' id='line_1_16' title="bbox 136 1559 816 1699; baseline 0.001 -20"><span class='ocrx_word' id='word_1_96' title='bbox 136 1619 179 1679; x_wconf 89' lang='lat' dir='ltr'>M.</span> <span class='ocrx_word' id='word_1_97' title='bbox 198 1617 296 1679; x_wconf 80' lang='lat' dir='ltr'>Crassi</span> <span class='ocrx_word' id='word_1_98' title='bbox 310 1559 461 1677; x_wconf 80' lang='lat' dir='ltr'>caliissima</span> <span class='ocrx_word' id='word_1_99' title='bbox 476 1618 589 1690; x_wconf 89' lang='lat' dir='ltr'>domo,</span> <span class='ocrx_word' id='word_1_100' title='bbox 605 1641 694 1699; x_wconf 91' lang='lat' dir='ltr'>quum</span> <span class='ocrx_word' id='word_1_101' title='bbox 708 1621 816 1680; x_wconf 82' lang='lat' dir='ltr'>artibus</span> 
     </span>
    </p>
   </div>
   <div class='ocr_carea' id='block_1_3' title="bbox 134 1698 817 1938">
    <p class='ocr_par' dir='ltr' id='par_1_4' title="bbox 134 1698 817 1938">
     <span class='ocr_line' id='line_1_17' title="bbox 135 1698 523 1761; baseline -0.008 -1"><span class='ocrx_word' id='word_1_102' title='bbox 135 1698 338 1761; x_wconf 84' lang='lat' dir='ltr'>honestissimis</span> <span class='ocrx_word' id='word_1_103' title='bbox 355 1699 523 1757; x_wconf 87' lang='lat' dir='ltr'>erudiretur.</span> 
     </span>
     <span class='ocr_line' id='line_1_18' title="bbox 178 1776 817 1857; baseline 0.002 -20"><span class='ocrx_word' id='word_1_104' title='bbox 178 1799 225 1839; x_wconf 89' lang='grc' dir='ltr'>ιο.</span> <span class='ocrx_word' id='word_1_105' title='bbox 245 1776 322 1839; x_wconf 90' lang='lat' dir='ltr'>Nam</span> <span class='ocrx_word' id='word_1_106' title='bbox 337 1779 417 1857; x_wconf 79' lang='lat' dir='ltr'>quod</span> <span class='ocrx_word' id='word_1_107' title='bbox 431 1777 560 1838; x_wconf 73' lang='lat' dir='ltr'>Catilinae</span> <span class='ocrx_word' id='word_1_108' title='bbox 574 1777 746 1838; x_wconf 84' lang='lat' dir='ltr'>familiaritas</span> <span class='ocrx_word' id='word_1_109' title='bbox 764 1779 817 1840; x_wconf 92' lang='lat' dir='ltr'>ob-</span> 
     </span>
     <span class='ocr_line' id='line_1_19' title="bbox 134 1856 815 1938; baseline 0.001 -18"><span class='ocrx_word' id='word_1_110' title='bbox 134 1856 207 1938; x_wconf 68' lang='lat' dir='ltr'>jedla</span> <span class='ocrx_word' id='word_1_111' title='bbox 227 1857 325 1918; x_wconf 87' lang='lat' dir='ltr'>Coelio</span> <span class='ocrx_word' id='word_1_112' title='bbox 342 1857 407 1930; x_wconf 90' lang='lat' dir='ltr'>est,</span> <span class='ocrx_word' id='word_1_113' title='bbox 430 1859 517 1938; x_wconf 76' lang='lat' dir='ltr'>longe</span> <span class='ocrx_word' id='word_1_114' title='bbox 536 1858 572 1915; x_wconf 88' lang='lat' dir='ltr'>ab</span> <span class='ocrx_word' id='word_1_115' title='bbox 589 1857 638 1916; x_wconf 89' lang='lat' dir='ltr'>ista</span> <span class='ocrx_word' id='word_1_116' title='bbox 657 1857 815 1938; x_wconf 86' lang='lat' dir='ltr'>suspicione</span> 
     </span>
    </p>
   </div>
   <div class='ocr_carea' id='block_1_4' title="bbox 129 1938 971 2001">
    <p class='ocr_par' dir='ltr' id='par_1_5' title="bbox 129 1938 971 2004">
     <span class='ocr_line' id='line_1_20' title="bbox 129 1938 971 2001; baseline -0.001 -1"><span class='ocrx_word' id='word_1_117' title='bbox 129 1941 289 2000; x_wconf 79' lang='lat' dir='ltr'>abhorrere</span> <span class='ocrx_word' id='word_1_118' title='bbox 317 1938 414 1997; x_wconf 83' lang='lat' dir='ltr'>debet.</span> <span class='ocrx_word' id='word_1_119' title='bbox 444 1938 512 1996; x_wconf 91' lang='lat' dir='ltr'>Hoc</span> <span class='ocrx_word' id='word_1_120' title='bbox 535 1939 613 1997; x_wconf 88' lang='lat' dir='ltr'>enim</span> <span class='ocrx_word' id='word_1_121' title='bbox 631 1938 815 2000; x_wconf 87' lang='lat' dir='ltr'>adolescente</span> <span class='ocrx_word' id='word_1_122' title='bbox 960 1973 971 2001; x_wconf 83' lang='lat'>.·</span> 
     </span>
    </p>
   </div>
   <div class='ocr_carea' id='block_1_5' title="bbox 123 2016 817 2897">
    <p class='ocr_par' dir='ltr' id='par_1_6' title="bbox 123 2016 817 2897">
     <span class='ocr_line' id='line_1_21' title="bbox 133 2016 817 2097; baseline -0.004 -16"><span class='ocrx_word' id='word_1_123' title='bbox 133 2018 206 2081; x_wconf 87' lang='lat' dir='ltr'>scitis</span> <span class='ocrx_word' id='word_1_124' title='bbox 237 2017 415 2079; x_wconf 84' lang='lat' dir='ltr'>consulatum</span> <span class='ocrx_word' id='word_1_125' title='bbox 444 2038 560 2077; x_wconf 87' lang='lat' dir='ltr'>mecum</span> <span class='ocrx_word' id='word_1_126' title='bbox 584 2016 684 2097; x_wconf 87' lang='lat' dir='ltr'>petisse</span> <span class='ocrx_word' id='word_1_127' title='bbox 711 2017 817 2078; x_wconf 83' lang='lat' dir='ltr'>Catili·</span> 
     </span>
     <span class='ocr_line' id='line_1_22' title="bbox 130 2099 815 2178; baseline 0 -19"><span class='ocrx_word' id='word_1_128' title='bbox 130 2122 200 2161; x_wconf 81' lang='lat' dir='ltr'>nam</span> <span class='ocrx_word' id='word_1_129' title='bbox 219 2121 226 2158; x_wconf 90' lang='lat'>:</span> <span class='ocrx_word' id='word_1_130' title='bbox 253 2099 289 2158; x_wconf 89' lang='lat' dir='ltr'>ad</span> <span class='ocrx_word' id='word_1_131' title='bbox 308 2119 395 2178; x_wconf 87' lang='lat' dir='ltr'>quent</span> <span class='ocrx_word' id='word_1_132' title='bbox 416 2099 439 2155; x_wconf 88' lang='lat' dir='ltr'>si</span> <span class='ocrx_word' id='word_1_133' title='bbox 455 2099 602 2170; x_wconf 90' lang='lat' dir='ltr'>accessit,</span> <span class='ocrx_word' id='word_1_134' title='bbox 625 2115 672 2156; x_wconf 91' lang='lat' dir='ltr'>aut</span> <span class='ocrx_word' id='word_1_135' title='bbox 688 2100 710 2156; x_wconf 85' lang='lat' dir='ltr'>si</span> <span class='ocrx_word' id='word_1_136' title='bbox 732 2120 815 2160; x_wconf 87' lang='lat' dir='ltr'>ame</span> 
     </span>
     <span class='ocr_line' id='line_1_23' title="bbox 134 2177 816 2259; baseline 0 -19"><span class='ocrx_word' id='word_1_137' title='bbox 134 2180 259 2241; x_wconf 87' lang='lat' dir='ltr'>discessit</span> <span class='ocrx_word' id='word_1_138' title='bbox 277 2199 411 2258; x_wconf 86' lang='lat' dir='ltr'>umquam</span> <span class='ocrx_word' id='word_1_139' title='bbox 431 2177 629 2259; x_wconf 89' lang='lat' dir='ltr'>(quamquam</span> <span class='ocrx_word' id='word_1_140' title='bbox 647 2179 728 2237; x_wconf 90' lang='lat' dir='ltr'>multi</span> <span class='ocrx_word' id='word_1_141' title='bbox 743 2182 816 2240; x_wconf 83' lang='lat' dir='ltr'>boni</span> 
     </span>
     <span class='ocr_line' id='line_1_24' title="bbox 132 2259 816 2340; baseline 0 -20"><span class='ocrx_word' id='word_1_142' title='bbox 132 2259 330 2320; x_wconf 88' lang='lat' dir='ltr'>adolescentes</span> <span class='ocrx_word' id='word_1_143' title='bbox 345 2260 384 2320; x_wconf 90' lang='lat' dir='ltr'>illi</span> <span class='ocrx_word' id='word_1_144' title='bbox 400 2260 510 2319; x_wconf 88' lang='lat' dir='ltr'>homini</span> <span class='ocrx_word' id='word_1_145' title='bbox 526 2281 651 2339; x_wconf 88' lang='lat' dir='ltr'>nequam</span> <span class='ocrx_word' id='word_1_146' title='bbox 664 2277 750 2340; x_wconf 88' lang='lat' dir='ltr'>atque</span> <span class='ocrx_word' id='word_1_147' title='bbox 761 2264 816 2320; x_wconf 77' lang='lat' dir='ltr'>int-</span> 
     </span>
     <span class='ocr_line' id='line_1_25' title="bbox 132 2338 814 2422; baseline 0 -22"><span class='ocrx_word' id='word_1_148' title='bbox 132 2343 228 2422; x_wconf 91' lang='lat' dir='ltr'>probo</span> <span class='ocrx_word' id='word_1_149' title='bbox 247 2338 413 2398; x_wconf 85' lang='lat' dir='ltr'>studuerunt</span> <span class='ocrx_word' id='word_1_150' title='bbox 432 2339 444 2418; x_wconf 94' lang='lat'>)</span> <span class='ocrx_word' id='word_1_151' title='bbox 466 2357 527 2399; x_wconf 88' lang='lat' dir='ltr'>tum</span> <span class='ocrx_word' id='word_1_152' title='bbox 549 2338 720 2400; x_wconf 83' lang='lat' dir='ltr'>existimetur</span> <span class='ocrx_word' id='word_1_153' title='bbox 740 2340 814 2400; x_wconf 86' lang='lat' dir='ltr'>Coe·</span> 
     </span>
     <span class='ocr_line' id='line_1_26' title="bbox 130 2419 812 2483; baseline -0.004 -1"><span class='ocrx_word' id='word_1_154' title='bbox 130 2423 184 2483; x_wconf 89' lang='lat' dir='ltr'>lius</span> <span class='ocrx_word' id='word_1_155' title='bbox 208 2419 340 2481; x_wconf 78' lang='lat' dir='ltr'>Catilinae</span> <span class='ocrx_word' id='word_1_156' title='bbox 360 2422 479 2478; x_wconf 75' lang='lat' dir='ltr'>nimium</span> <span class='ocrx_word' id='word_1_157' title='bbox 496 2421 639 2480; x_wconf 85' lang='lat' dir='ltr'>familiaris</span> <span class='ocrx_word' id='word_1_158' title='bbox 656 2419 746 2478; x_wconf 83' lang='lat' dir='ltr'>fuisse.</span> <span class='ocrx_word' id='word_1_159' title='bbox 770 2422 812 2479; x_wconf 86' lang='lat' dir='ltr'>At</span> 
     </span>
     <span class='ocr_line' id='line_1_27' title="bbox 131 2498 814 2581; baseline -0.003 -19"><span class='ocrx_word' id='word_1_160' title='bbox 131 2505 210 2562; x_wconf 88' lang='lat' dir='ltr'>enim</span> <span class='ocrx_word' id='word_1_161' title='bbox 227 2498 328 2581; x_wconf 88' lang='lat' dir='ltr'>postea</span> <span class='ocrx_word' id='word_1_162' title='bbox 344 2499 464 2570; x_wconf 83' lang='lat' dir='ltr'>scimus,</span> <span class='ocrx_word' id='word_1_163' title='bbox 483 2504 514 2560; x_wconf 75' lang='lat' dir='ltr'>dc</span> <span class='ocrx_word' id='word_1_164' title='bbox 529 2502 653 2560; x_wconf 89' lang='lat' dir='ltr'>vidimus</span> <span class='ocrx_word' id='word_1_165' title='bbox 666 2498 721 2558; x_wconf 84' lang='lat' dir='ltr'>else</span> <span class='ocrx_word' id='word_1_166' title='bbox 737 2500 814 2560; x_wconf 88' lang='lat' dir='ltr'>hunc</span> 
     </span>
     <span class='ocr_line' id='line_1_28' title="bbox 130 2578 817 2660; baseline -0.007 -18"><span class='ocrx_word' id='word_1_167' title='bbox 130 2583 160 2643; x_wconf 89' lang='lat' dir='ltr'>in</span> <span class='ocrx_word' id='word_1_168' title='bbox 177 2583 250 2641; x_wconf 91' lang='lat' dir='ltr'>illius</span> <span class='ocrx_word' id='word_1_169' title='bbox 269 2580 377 2638; x_wconf 86' lang='lat' dir='ltr'>amicis.</span> <span class='ocrx_word' id='word_1_170' title='bbox 405 2579 479 2656; x_wconf 89' lang='lat' dir='ltr'>Quis</span> <span class='ocrx_word' id='word_1_171' title='bbox 501 2579 611 2660; x_wconf 86' lang='lat' dir='ltr'>negat?</span> <span class='ocrx_word' id='word_1_172' title='bbox 629 2578 677 2638; x_wconf 91' lang='lat' dir='ltr'>sed</span> <span class='ocrx_word' id='word_1_173' title='bbox 700 2598 756 2658; x_wconf 84' lang='lat' dir='ltr'>ego</span> <span class='ocrx_word' id='word_1_174' title='bbox 778 2579 817 2638; x_wconf 91' lang='lat' dir='ltr'>il·</span> 
     </span>
     <span class='ocr_line' id='line_1_29' title="bbox 129 2657 815 2740; baseline -0.012 -18"><span class='ocrx_word' id='word_1_175' title='bbox 129 2663 181 2722; x_wconf 90' lang='lat' dir='ltr'>lud</span> <span class='ocrx_word' id='word_1_176' title='bbox 196 2681 311 2740; x_wconf 88' lang='lat' dir='ltr'>tempus</span> <span class='ocrx_word' id='word_1_177' title='bbox 328 2661 436 2730; x_wconf 87' lang='lat' dir='ltr'>aetatis,</span> <span class='ocrx_word' id='word_1_178' title='bbox 453 2660 533 2738; x_wconf 87' lang='lat' dir='ltr'>quod</span> <span class='ocrx_word' id='word_1_179' title='bbox 551 2657 640 2738; x_wconf 91' lang='lat' dir='ltr'>ipsum</span> <span class='ocrx_word' id='word_1_180' title='bbox 658 2657 705 2717; x_wconf 71' lang='lat' dir='ltr'>sud</span> <span class='ocrx_word' id='word_1_181' title='bbox 724 2658 815 2737; x_wconf 69' lang='lat' dir='ltr'>spon÷</span> 
     </span>
     <span class='ocr_line' id='line_1_30' title="bbox 123 2736 814 2813; baseline 0.006 -16"><span class='ocrx_word' id='word_1_182' title='bbox 123 2760 161 2803; x_wconf 70' lang='grc' dir='ltr'>,τε</span> <span class='ocrx_word' id='word_1_183' title='bbox 186 2740 360 2813; x_wconf 86' lang='lat' dir='ltr'>infirmum,</span> <span class='ocrx_word' id='word_1_184' title='bbox 388 2740 508 2799; x_wconf 87' lang='lat' dir='ltr'>aliorum</span> <span class='ocrx_word' id='word_1_185' title='bbox 535 2738 653 2798; x_wconf 87' lang='lat' dir='ltr'>libidine</span> <span class='ocrx_word' id='word_1_186' title='bbox 679 2736 814 2801; x_wconf 88' lang='lat' dir='ltr'>infestum</span> 
     </span>
     <span class='ocr_line' id='line_1_31' title="bbox 130 2818 811 2897; baseline -0.003 -14"><span class='ocrx_word' id='word_1_187' title='bbox 130 2820 199 2897; x_wconf 89' lang='lat' dir='ltr'>est,</span> <span class='ocrx_word' id='word_1_188' title='bbox 222 2823 253 2881; x_wconf 91' lang='lat' dir='ltr'>id</span> <span class='ocrx_word' id='word_1_189' title='bbox 273 2822 330 2880; x_wconf 89' lang='lat' dir='ltr'>hoc</span> <span class='ocrx_word' id='word_1_190' title='bbox 352 2821 420 2880; x_wconf 86' lang='lat' dir='ltr'>loco</span> <span class='ocrx_word' id='word_1_191' title='bbox 439 2819 578 2880; x_wconf 88' lang='lat' dir='ltr'>defendo.</span> <span class='ocrx_word' id='word_1_192' title='bbox 602 2818 666 2876; x_wconf 89' lang='lat' dir='ltr'>Fuit</span> <span class='ocrx_word' id='word_1_193' title='bbox 684 2821 811 2881; x_wconf 85' lang='lat' dir='ltr'>assiduus</span> 
     </span>
    </p>
   </div>
   <div class='ocr_carea' id='block_1_6' title="bbox 127 2900 813 3061">
    <p class='ocr_par' dir='ltr' id='par_1_7' title="bbox 127 2900 813 3061">
     <span class='ocr_line' id='line_1_32' title="bbox 127 2900 813 3040; baseline -0.013 -74"><span class='ocrx_word' id='word_1_194' title='bbox 127 2923 266 2978; x_wconf 84' lang='lat' dir='ltr'>mecum,</span> <span class='ocrx_word' id='word_1_195' title='bbox 282 2917 407 2983; x_wconf 87' lang='lat' dir='ltr'>praetore</span> <span class='ocrx_word' id='word_1_196' title='bbox 423 2920 489 2962; x_wconf 90' lang='lat' dir='ltr'>me:</span> <span class='ocrx_word' id='word_1_197' title='bbox 509 2923 569 2964; x_wconf 87' lang='lat' dir='ltr'>non</span> <span class='ocrx_word' id='word_1_198' title='bbox 586 2916 709 3040; x_wconf 46' lang='grc' dir='ltr'>ηοέεξᾳτ</span> <span class='ocrx_word' id='word_1_199' title='bbox 726 2900 813 2963; x_wconf 85' lang='lat' dir='ltr'>Cati.-</span> 
     </span>
     <span class='ocr_line' id='line_1_33' title="bbox 664 3000 693 3061; baseline -0.138 -22"><span class='ocrx_word' id='word_1_200' title='bbox 664 3000 693 3061; x_wconf 73' lang='lat' dir='ltr'>n]</span> 
     </span>
    </p>
   </div>
   <div class='ocr_carea' id='block_1_7' title="bbox 0 0 1064 3942">
    <p class='ocr_par' dir='ltr' id='par_1_8' title="bbox 0 0 1064 3942">
     <span class='ocr_line' id='line_1_34' title="bbox 0 0 1064 3942; baseline 0 2"><span class='ocrx_word' id='word_1_201' title='bbox 0 0 1064 3942; x_wconf 95' lang='lat' dir='ltr'> </span> 
     </span>
    </p>
   </div>
  </div>
 </body>
</html>
