2117 3942
246 358 321 453 ¹46
373 426 378 433 .
460 356 719 431 Onnito-

262 475 387 548 ublicis,
409 473 447 535 de
466 474 540 535 ludis
566 475 717 548 maximis,
739 469 777 534 de
802 469 932 537 deorum

240 498 418 628 Penatiuml,
435 553 591 635 Vellaeque
605 557 708 615 matris
726 557 932 630 ceremoniis,

240 637 278 699 de
292 636 343 732 illq
358 634 421 777 ffso
439 634 578 732 saqiiiieio
589 679 600 706 ,
611 635 692 716 quod
711 632 743 695 fit
764 654 819 716 pro
838 633 931 697 salute

240 717 358 871 llll,
382 714 932 877 lll¹t.ll⁰l.l⁹l.l.⁰.t³li}ll

239 899 310 939 num
324 877 431 939 scelere
446 878 587 938 violatum
605 875 667 949 est,
679 875 762 958 quod
780 893 838 936 tres
855 898 933 958 pon·

240 957 332 1019 tifices
350 956 524 1031 (lamisem,
544 959 575 1019 id
594 958 708 1039 semper
725 955 839 1038 populo
861 957 934 1019 Ro-.

238 1061 353 1112 mano,
371 1038 488 1120 semper
503 1038 634 1110 senati,
653 1037 767 1118 semper
786 1037 855 1119 ipsis
876 1039 929 1099 diis

239 1119 537 1183 immortalitates
561 1119 688 1181 santium
705 1163 717 1193 ,
736 1117 799 1179 satis
818 1138 931 1200 augus·-

239 1218 327 1276 tum,
343 1201 407 1262 satis
428 1199 592 1284 religiosum
614 1197 672 1262 effe
692 1198 785 1260 visum
811 1197 864 1260 est.
884 1200 928 1261 At

240 1284 315 1344 verb
334 1302 434 1342 meant
454 1282 577 1341 dentum
593 1279 626 1340 P.
647 1281 806 1352 Lentulus,
824 1279 925 1342 consul

241 1363 276 1425 &
294 1361 453 1444 pontifex,
473 1359 504 1421 P.
526 1361 684 1436 Servilius,
702 1361 749 1421 M.
768 1361 929 1436 Lucullus,

240 1443 286 1524 Q.
307 1441 468 1515 Metellus,
481 1440 536 1502 M’.
553 1438 697 1515 Glabrio,
715 1442 760 1502 M.
773 1440 932 1516 Mellalla,

241 1523 278 1584 Ι..
296 1523 454 1598 Lentulus,
466 1523 574 1583 flamen
591 1520 751 1597 Martialis,
763 1521 795 1582 P.
810 1520 926 1598 Galba,

240 1603 286 1684 Q.
310 1603 433 1685 Scipio,
457 1601 495 1664 C.
523 1603 672 1678 Faunine,
700 1604 745 1664 M
773 1603 928 1684 Lepidus,

241 1684 279 1746 l..
294 1683 454 1758 Claudiis,
465 1705 517 1746 tex
534 1685 676 1746 sacrorum
691 1729 703 1758 ‚
721 1684 766 1744 M.
784 1683 933 1758 scamus,

241 1765 290 1826 M.
306 1763 445 1839 Callus,
463 1763 505 1826 C.
518 1764 609 1827 Curio
623 1766 721 1840 ‚Sem
737 1763 853 1838 Caesar,
871 1766 934 1826 ila·-

240 1867 312 1908 men
328 1844 486 1926 Quirinalis
501 1890 512 1920 ‚
527 1846 571 1927 Q.
591 1845 772 1918 Cornelius,
786 1846 819 1906 P.
839 1846 932 1907 Albit

242 1949 398 2002 nonanus,
411 1926 457 2007 Q.
471 1925 652 2001 Terentius,
687 1925 817 1987 ontifices
833 1930 930 1989 mino·

241 2029 316 2083 res,
338 2008 423 2069 causi
442 2010 583 2090 cogniti,
603 1951 717 2068 duolus
734 2008 807 2068 locis
826 2007 928 2082 dieta,

240 2091 366 2148 maximi
387 2089 551 2170 frequentii
568 2091 811 2169 amplissimorum
827 2109 862 2147 ac
881 2089 930 2149 sa-

263 2171 485 2230 ientissimoruxn
503 2171 611 2228 civium
624 2167 773 2238 adstante,
788 2171 871 2226 omni
883 2189 930 2231 re·

241 2190 351 2329 ligione
367 2249 425 2308 una
437 2263 538 2309 mente
552 2268 656 2308 omnes
670 2247 875 2307 liberaverunt.

284 2325 365 2388 Vll.
386 2327 473 2408 Nego
490 2348 627 2409 umquam
646 2325 710 2409 post
726 2325 804 2387 sacra
820 2326 929 2389 consti·

241 2424 325 2482 tuta,
339 2429 462 2490 quorum
479 2407 586 2468 eadem
604 2406 645 2470 est
665 2407 841 2489 antiquitas,
862 2429 927 2490 quae

241 2493 251 2550 i
274 2493 330 2551 sius
341 2489 509 2564 urbis‚ulla
523 2489 561 2549 de
576 2509 608 2549 re
623 2533 632 2562 ,
647 2509 685 2550 ne
701 2489 738 2549 de
754 2492 849 2569 capite
862 2492 928 2571 qui-

241 2513 311 2633 <lem
333 2572 477 2655 virginum
496 2569 657 2631 Vestalium
676 2614 687 2644 ‚
709 2589 769 2631 tam
790 2570 926 2651 frequens

241 2653 397 2736 collegium
417 2649 575 2732 judicass'e:
595 2672 769 2733 quamquam
791 2651 828 2711 ad
853 2651 927 2711 faci·

239 2736 319 2792 noris
337 2732 561 2817 disquisitionem
579 2732 696 2795 interest
713 2730 808 2793 adesse
824 2752 933 2813 quamo.

238 2813 378 2893 plurimos
401 2813 472 2897 (ita
495 2813 537 2875 est
555 2817 633 2876 enim
654 2816 853 2895 interpretatio
877 2814 926 2874 illa

238 2893 432 2973 pontificum,
448 2913 481 2958 ut
496 2897 586 2958 iidem
607 2894 783 2978 potestatem
800 2895 933 2956 habeant.
