2117 3942
183 396 261 479 ψ
310 391 317 435 ’-
407 383 442 452 0
455 400 483 451 n
496 399 526 452 A
539 399 563 453 r
577 399 635 451 ro

179 498 311 558 lauream
326 496 378 556 tibi
392 513 546 578 tantopere
569 491 684 555 decerni
698 490 868 556 voluerisrt'

180 577 283 638 «senatu
295 576 349 637 tl).
361 576 483 647 Servili,
496 576 541 656 Q.
556 576 699 647 Metelle,
717 572 755 636 C.
767 574 869 650 Curio,

185 655 219 717 P.
229 657 386 730 Africam,
413 678 462 716 cur
490 677 550 716 non
576 655 653 715 hunc
676 652 792 714 audistis
810 672 870 720 tant

181 736 303 797 dudunt
319 739 494 809 hominem,
518 753 578 794 tam
604 735 747 795 eruditum
760 770 782 808 ,‹
793 737 869 815 ptiits

207 816 272 876 uim
305 819 335 876 in
361 815 444 876 istum
478 835 609 877 errorem
633 815 867 875 induceremini?

181 837 225 956 C.
239 898 293 976 ipsi
312 896 494 976 Pomptino,
520 892 676 955 netellario
703 915 797 967 meo,
814 894 870 971 jam

184 997 248 1036 non
268 975 308 1036 est
326 978 491 1057 integrum:
507 976 559 1034 reli
580 975 693 1034 ionibus
713 976 794 1034 enim
813 974 869 1035 sus·

184 1058 278 1136 ceptis
292 1058 457 1136 impeditur.
475 1053 507 1114 0
521 995 620 1114 stultos
633 1052 798 1128 Camillos,
813 1054 871 1116 Cu·

184 1139 271 1209 rios,
297 1136 464 1208 Fabricios,
489 1132 666 1206 Calatinos,
697 1132 869 1273 Scipiones,

185 1215 368 1289 Marcellos,
380 1215 542 1275 Maximus!
555 1215 739 1275 clamentem·
762 1213 868 1276 aulum!

183 1294 322 1354 rusticum
346 1295 492 1355 Mariuml
521 1295 623 1352 nullius
646 1295 759 1355 consilii
779 1313 869 1377 patres

185 1373 308 1435 istorum
332 1378 486 1436 amborum
507 1373 685 1448 consulum,
702 1378 753 1456 qui
772 1379 869 1436 trium-

185 1455 340 1535 pharunt!

184 1556 191 1571 ··
229 1532 340 1593 XXV.
353 1532 431 1605 Sed,
449 1537 587 1614 quoniam
603 1537 869 1613 praetetitamutare

184 1632 249 1674 tlon
268 1611 433 1694 possumus,
457 1615 525 1695 quid
544 1612 628 1673 cessat
646 1614 692 1673 hic
713 1617 871 1690 homullus,

184 1711 226 1752 ‘ex
247 1692 396 1775 argilla&
418 1695 481 1754 luto
504 1691 584 1752 fidius
596 1693 781 1773 Epicureus,
807 1697 870 1755 dare

183 1773 249 1833 ltaec
268 1774 403 1855 praeclara
425 1791 569 1855 praecepta
586 1773 754 1853 sapientiae‚
774 1777 869 1835 claris·

189 1855 263 1913 aimo
286 1854 318 1914 δι
338 1854 449 1914 summo
469 1856 658 1933 imperatori,
676 1875 789 1935 genero
805 1854 870 1916 suo?

183 1931 278 1994 fertur
289 1934 337 1994 ille
348 1937 412 2009 vit,
428 1934 497 1994 ntihi
516 1933 623 2006 crede,
639 1935 732 2014 glorii
743 1957 750 1992 ε
762 1938 871 2017 flagrat,

186 2013 271 2073 ardet
292 2015 451 2095 cupiditate
468 2011 536 2092 justi
556 2015 587 2073 &
602 2017 699 2095 magni
719 2017 870 2097 triumphi:

164 2124 166 2128 v
187 2113 250 2152 non
268 2094 366 2154 didicit
385 2096 491 2154 eadent>
506 2091 577 2166 ista,
591 2114 653 2172 quae
672 2111 724 2153 tu:
743 2100 826 2156 mitte
839 2094 874 2155 ad

184 2192 258 2231 eum
270 2173 397 2233 libellum
410 2196 417 2233 t
429 2175 478 2237 sed
494 2170 574 2249 jam,
590 2176 613 2231 si
622 2172 680 2253 ipse
697 2196 797 2234 coram
809 2197 875 2235 ton·

185 2251 271 2331 gredi
289 2256 417 2332 potetis,
435 2254 594 2326 meditare,
611 2255 712 2333 quibus
724 2256 822 2315 verbis
832 2257 872 2314 in·

185 2329 303 2391 censam
322 2333 394 2390 illius
416 2332 606 2412 cupiditatem
626 2335 820 2414 comprimas,
834 2353 876 2396 at-

190 2431 246 2492 que
260 2409 430 2492 restinguas:
441 2413 552 2470 valebis
568 2413 645 2492 apud
655 2413 807 2474 hominem
817 2439 874 2477 vo·

184 2492 322 2551 litantem
339 2493 440 2573 gloriae
449 2492 631 2572 cupiditate,
647 2496 696 2553 vit
708 2497 874 2569 moderatus

185 2573 226 2631 .&
236 2569 385 2644 constans;
394 2572 629 2652 apudindodium
639 2573 765 2633 eruditus
776 2596 786 2648 3
800 2576 874 2657 apud

187 2670 329 2788 penetum
348 2651 429 2712 socer
444 2651 542 2711 :dices
568 2654 665 2726 enirn,
684 2668 715 2712 ut
733 2674 764 2715 es
787 2656 876 2716 homo

185 2747 327 2804 acetus,
362 2733 399 2792 ad
428 2731 660 2811 persuadendum.
692 2738 873 2809 concinnus,

186 2807 339 2886 perfeclus
352 2856 361 2884 ‚
373 2813 479 2892 politus
489 2832 504 2872 e
514 2809 610 2871 scltola
622 2812 733 2892 :Quid
744 2815 803 2888 est,
813 2815 875 2876 Cae·

194 2886 260 2961 sar,
280 2890 358 2970 qudd
378 2910 406 2953 te
425 2891 759 2974 supplicationestoties
777 2896 879 2963 ,detto
