2117 3942
320 332 733 406 consonamus,
798 338 870 432 361

186 444 328 527 templa,
347 445 380 505 δι
397 446 450 509 sibi
466 446 621 528 supplicari
633 449 758 509 hominis
776 451 877 531 impu-

183 527 296 599 rissimi
307 525 339 585 &
352 525 557 587 sceleratissimi
569 531 698 590 nomine.
713 528 813 610 ltaque
825 533 875 592 ille

188 607 286 678 alter,
304 623 352 665 aut
366 606 424 685 ipse
438 605 479 668 esl
492 607 583 667 homo
601 607 721 683 dusius,
739 611 769 671 δι
788 634 804 672 a
820 610 876 673 suis
895 674 900 685 ,

182 684 304 757 Grecis
320 684 445 745 subtilibs
463 688 611 758 eruditus,
631 688 797 768 quibuscum
813 690 875 769 jam

188 766 222 825 in
237 763 350 826 exoslra
368 766 532 839 helluatur,
550 783 633 826 antea
654 769 717 848 post
737 772 873 850 siparium

186 844 301 907 solebat
316 866 326 918 3
341 861 390 904 aur
413 849 521 907 amicos
542 846 630 906 habet
652 848 875 928 prudentiores,

230 926 278 987 dm
298 924 460 1001 Gabinius,
479 923 558 1006 cujus
576 927 660 988 nullae
678 929 781 991 litterar
803 952 874 1012 per·

201 1023 331 1069 eruntur.

229 1086 309 1147 vll.
331 1085 430 1147 Hosce
446 1087 455 1146 i
476 1089 530 1148 itur
548 1089 737 1168 imperatores
753 1086 874 1148 habebi·

186 1165 280 1228 mus?
317 1188 420 1227 uorum
443 1109 515 1229 alter
539 1190 600 1228 non
622 1170 708 1229 audet
731 1188 785 1227 nos
806 1187 874 1228 cer·

182 1249 280 1309 ¹tiores
295 1188 420 1320 lacere,
444 1266 482 1309 ne
505 1251 662 1328 imperaror
691 1247 851 1327 appelletur
861 1270 874 1320 ;

185 1328 312 1389 alterum
321 1372 331 1400 ‚
339 1329 362 1386 si
375 1329 513 1388 tabellarii
527 1349 589 1388 non
601 1327 747 1399 cessarint,
759 1326 874 1389 necesse

186 1406 231 1469 est
248 1411 347 1490 paucis
363 1407 462 1467 diebus
479 1410 620 1487 poeniteat
638 1410 768 1470 audete:
789 1406 872 1487 cujus

184 1490 296 1563 amici,
313 1491 336 1548 si
354 1491 403 1568 qui
418 1487 502 1559 sunt,
515 1505 564 1548 aut
582 1491 605 1548 si
620 1489 721 1551 belluae
736 1504 795 1548 tam
812 1491 872 1548 im-

186 1571 267 1631 mani
279 1586 399 1648 tamque
414 1584 494 1628 tetrae
508 1567 622 1649 possunt
637 1570 687 1629 ulli
701 1567 756 1630 esse
771 1572 872 1644 amici,

181 1650 242 1721 bac
257 1649 457 1711 consolatione
470 1665 587 1709 ¹utuntur
598 1695 607 1722 ,
620 1652 708 1709 etiam
722 1648 761 1708 T.
778 1650 872 1710 Albu-

184 1732 235 1791 tio
254 1729 306 1811 sup
328 1729 492 1790 litationem
517 1731 593 1789 hunc
618 1730 751 1788 ordinem
776 1730 871 1790 dene-

184 1808 273 1953 }affe.
293 1752 388 1890 guod
405 1809 446 1870 est
486 1812 588 1870 rimbm
606 1810 761 1869 dissimile:
776 1829 820 1870 res
839 1812 871 1870 in

206 1892 318 1951 ardinia
329 1912 394 1949 curn
406 1830 580 1950 malbucatis
594 1889 757 1948 latrunculis
770 1911 787 1947 a
800 1911 870 1969 pro·

207 1989 314 2033 raetore
331 1971 388 2030 uni
407 1972 528 2030 cohorte
554 1969 698 2028 auxiliarii
717 1966 814 2049 gesta,
834 1969 868 2029 &

144 2112 148 2119 ,
225 2052 298 2113 llum
318 2072 384 2112 cunt
402 2052 532 2110 maximis
549 2048 641 2130 Syriae
659 2049 813 2130 gentibus,
833 2072 868 2109 ac

185 2135 347 2214 ¹tyrannis,
370 2131 508 2191 consulari
535 2131 662 2190 exercitu
687 2132 871 2209 imperioque

186 2213 374 2275 eonfeslum:
390 2212 495 2272 deinde
515 2210 673 2282 Albucius,
687 2209 766 2291 quod
787 2233 803 2270 a
821 2210 869 2272 se-

136 2358 138 2363 ,
187 2311 255 2355 natu
277 2292 421 2376 petebat,
440 2295 448 2350 i
470 2290 498 2350 se
520 2292 572 2350 sibi
596 2294 625 2350 in
650 2290 779 2351 Sardinia
800 2294 869 2354 ante

188 2374 376 2436 decreverat:
391 2314 538 2431 conlabat
555 2374 650 2445 enim,
666 2369 801 2431 Graecum
816 2373 871 2431 ho·

188 2458 297 2533 minem
318 2475 352 2513 ac
371 2454 470 2514 levem
490 2454 518 2510 in
540 2450 597 2530 ipsa
618 2456 768 2540 provincia
789 2452 870 2529 quasi

189 2531 382 2615 triumphasse.
397 2532 498 2612 ltaque
513 2532 586 2590 hanc
602 2552 664 2609 elus
675 2532 867 2590 temeritatem

191 2612 299 2691 senatus
316 2613 522 2694 supplicatione
543 2610 685 2692 denegatti
705 2612 826 2669 notavit.
945 2653 948 2658 .

194 2744 197 2749 .
224 2696 277 2761 16.
292 2694 351 2776 Sed
366 2693 472 2753 fruatur
488 2691 551 2750 sane
569 2690 626 2748 hoc
643 2689 766 2760 solati03
781 2707 869 2769 atque
934 2738 938 2744 .

196 2774 261 2841 lunc
272 2778 415 2857 insignem
429 2773 638 2854 ignominiam,
654 2772 791 2911 psaroniam
801 2774 870 2845 uni,

136 2850 145 2937 ἦ
197 2873 291 2935 prater
304 2854 334 2915 se
344 2901 354 2927 ,
366 2853 457 2914 inulla
471 2852 530 2927 est,
545 2867 626 2933 putet
640 2870 656 2911 e
680 2871 696 2911 e
710 2850 872 2929 leviorem,

136 2934 148 3027 f
234 2941 331 2999 somus
358 2941 390 3000 V
394 2937 420 3000 l.
741 2928 775 3015 Q

136 3030 152 3053 δ’.
