2117 3942
86 556 92 569 J

154 403 222 454 Da
245 383 558 452 Anusercunr
579 386 719 458 Rern.
743 410 812 482 141

149 514 310 571 ortunum,
329 498 477 557 audaciam
492 512 551 557 tam
565 501 723 563 immanem
741 504 819 564 ado·

132 522 259 641 iescentis
277 578 399 640 furentis
412 622 422 651 ‚
435 578 540 637 nobilis
552 624 561 653 ‚
575 582 740 656 vulnerati,
753 605 815 645 non

132 659 205 742 posse
224 662 320 721 arceri
342 660 393 720 otii
414 657 540 718 finibus:
559 679 724 743 erupturum
742 664 814 739 illud

132 742 233 802 malum
257 739 439 821 aliquando,
460 741 483 798 si
505 743 676 821 impunitum
697 743 813 819 firiffet,

84 838 91 899 1
132 822 163 883 ad
175 823 337 902 perniciem
357 821 491 880 civitatis.

171 911 196 983 ς.
210 901 283 962 Non
298 902 421 960 multum
434 901 504 959 mihi
514 900 579 961 sane
589 901 653 983 pust
664 903 699 963 ad
712 903 812 964 odium

134 985 266 1042 accessit:
281 981 352 1041 nihil
373 983 451 1041 enim
471 999 571 1041 contra
590 1005 638 1045 me
656 983 725 1043 fecit
741 984 813 1057 odiu

134 1066 205 1135 mei,
216 1061 267 1122 sed
280 1061 353 1122 odio
368 1060 526 1123 severitatis
539 1108 548 1136 ‚
562 1063 633 1124 odio
648 1063 813 1145 dignitatis,

135 1142 201 1202 odio
217 1143 400 1224 reipublicae:
417 1163 477 1201 non
499 1163 548 1202 me
565 1146 657 1226 magis
675 1144 815 1219 violavit,

137 1217 217 1303 quim
233 1221 382 1302 senatum,
404 1221 490 1303 quim
509 1226 621 1304 equites
640 1223 814 1298 Romanos,

138 1302 214 1384 quim
227 1324 330 1364 omnes
352 1304 470 1376 bonos,
487 1304 573 1384 quim
595 1303 705 1363 Italiam
723 1325 815 1364 cunc-

138 1399 208 1442 tam:
224 1405 284 1444 non
302 1384 428 1466 denique
448 1384 477 1442 in
493 1403 542 1444 me
560 1383 725 1463 sceleratior
743 1384 815 1462 fuit,

155 1463 212 1523 uim
234 1467 264 1524 in
287 1467 295 1523 i
319 1463 366 1524 sos
387 1464 460 1524 deos
478 1466 669 1543 immortales.
693 1465 809 1526 Etenim

138 1485 191 1603 ilos
204 1565 241 1605 eo
254 1486 362 1613 sceiere
376 1543 518 1618 violavit,
533 1567 591 1626 qno
606 1567 695 1606 nemo
710 1563 812 1607 antea:

137 1624 161 1682 in
173 1646 217 1686 me
233 1625 288 1685 fuit
305 1625 413 1685 eodem
431 1628 550 1699 animo,
566 1648 624 1707 quo
644 1630 731 1687 etiam
749 1625 811 1705 ejus

137 1704 269 1766 familiaris
289 1703 436 1788 Catilina,
452 1708 475 1763 si
490 1705 619 1782 vicisset,
634 1705 737 1766 fuisset.
755 1707 815 1766 lta·

137 1805 185 1866 que
199 1807 267 1847 eum
282 1799 440 1867 numquam
453 1807 469 1844 a
485 1806 533 1846 me
550 1785 607 1847 esse
624 1787 810 1847 accusandum

136 1869 246 1946 putavi,
269 1889 330 1927 non
353 1867 439 1947 plus,
457 1867 542 1947 quium
566 1866 690 1947 stipitem
709 1869 812 1942 illum,

135 1965 174 2026 qur
192 1969 317 2029 quorum
338 1949 489 2008 hominum
510 1945 601 2018 esset,
621 1946 814 2021 nesciremus,

134 2031 177 2087 nisi
200 2029 228 2089 se
256 2029 394 2110 Ligurem
418 2025 476 2108 ipse
502 2025 559 2086 esse
584 2028 701 2086 diceret.
727 2027 810 2105 Quid

134 2113 200 2171 enim
225 2110 303 2187 hunc
328 2108 503 2190 persequar,
525 2109 671 2188 pecudem
695 2130 727 2166 ac
749 2108 817 2168 bel·

133 2189 199 2248 luam
210 2235 220 2262 ‚
231 2190 342 2271 pabulo
356 2191 536 2248 inimicorum
549 2210 682 2248 meorum
695 2191 724 2248 &
737 2191 815 2271 glan·

133 2271 164 2329 de
178 2289 345 2350 corruptum
357 2270 368 2329 ?
380 2271 428 2351 qui
447 2272 469 2326 si
485 2268 592 2342 sensit,
606 2290 664 2351 quo
682 2269 739 2330 sese
753 2271 816 2330 sce-

131 2349 184 2411 lere
198 2351 362 2411 devinxerit
376 2372 386 2422 ;
406 2371 466 2430 non
484 2351 608 2421 dubim,
624 2353 692 2431 quin
710 2355 743 2432 sit
757 2355 814 2409 mi-

131 2429 252 2491 serrimus
272 2452 279 2489 ε
299 2434 343 2489 sin
361 2449 458 2490 autem
476 2432 505 2488 id
524 2451 583 2490 non
602 2432 683 2491 videt
701 2451 709 2502 'r
733 2433 814 2510 peri-

131 2511 216 2570 culum
232 2509 296 2585 est,
319 2532 357 2570 ne
377 2510 404 2571 se
421 2509 542 2590 stuporis
559 2511 742 2570 excusatione
761 2510 816 2580 def

131 2589 232 2650 sendat.
253 2591 382 2651 Accedit
405 2594 517 2663 etiam,
540 2592 643 2670 qubd‚
663 2589 815 2668 exspedia-

130 2675 202 2732 tione
229 2675 389 2745 omnium,
417 2671 574 2731 fortissimo
597 2672 629 2728 ὅ(
654 2670 814 2730 clarissimo

130 2754 208 2825 ciro,
226 2751 269 2811 T.
296 2752 421 2825 Annio,
443 2752 578 2821 devota,
601 2751 633 2808 &
660 2748 812 2810 constituta

130 2831 171 2893 ista
185 2831 278 2892 hosiia
298 2832 356 2893 effe
375 2833 511 2904 videtur3
531 2834 576 2888 cui
594 2850 641 2888 me
660 2834 812 2910 praeripere

129 2912 294 2995 desponsam
314 2912 402 2996 jam,
425 2914 457 2975 ὃ(
482 2911 651 2974 destinatum
673 2912 810 2993 laudem,
