2117 3942
242 359 341 427 Pro
366 359 441 428 Cu.
468 357 703 426 Putrem.
745 348 827 450 517'

141 470 228 551 hujus
253 474 407 552 repentino
429 472 558 554 periculo
579 476 740 545 commoti,
759 466 831 532 huic¹

141 553 291 624 assident,
310 574 363 632 pro
380 557 436 614 hoc
447 555 578 614 laborant
590 574 597 610 ι
610 555 675 614 huic
690 558 712 613 si
723 553 831 634 praesso'

141 632 268 704 fuerint,
285 636 388 712 gratius
407 635 436 694 se
456 632 618 692 civitatibus
632 634 685 694 suis
700 634 828 694 fatiuros'

141 730 269 795 putant,
289 713 375 792 quim
398 717 420 772 si
440 713 617 793 legati-onem
638 715 670 772 &
690 715 826 774 mandata

139 793 189 853 stra
215 791 404 852 confecerint.
427 791 461 851 L.
485 793 560 851 verb·
588 793 726 871 Apuleius
748 795 824 853 hunc

139 877 214 933 tanti
228 873 314 944 facit,
335 888 494 936 utmorem
512 872 591 930 illum
605 871 764 950 majorum,
777 877 827 954 qui

139 953 315 1034 ptaescribit,
333 954 363 1011 in
385 970 537 1033 parentum
557 953 624 1012 loco
635 951 827 1033 ‘quaestoribuo

139 1034 195 1093 suis
214 1049 357 1112 praetores-
374 1031 430 1092 effe
452 1049 614 1112 oportere,
632 1031 752 1104 officiis,
771 1033 828 1092 be·

141 1113 369 1193 nevolentiique
390 1111 539 1194 superarit.
565 1109 709 1171 Tribunus
733 1112 827 1192 plebis·

139 1193 196 1253 fuit
219 1214 281 1253 non
302 1191 416 1254 fortaffe
447 1209 508 1252 tam
533 1193 715 1264 vehemens,
738 1193 824 1272 quim

138 1273 202 1346 isti,
220 1290 336 1354 quostu
357 1272 420 1353 jure
440 1272 560 1343 laudas3
580 1271 630 1332 sed
648 1273 725 1333 certi
744 1273 824 1344 talis,

160 1355 239 1414 uales
252 1355 277 1412 si
287 1374 390 1414 omnes
400 1353 513 1434 semper
525 1350 656 1426 fuiffent‚
668 1372 826 1433 numquam

138 1376 317 1494 aesideratus
340 1434 500 1494 vehemens
522 1431 594 1493 effer
611 1435 751 1494 tribunus.
823 1466 826 1473 ·

182 1512 257 1573 XII.
268 1513 385 1574 Omitto
397 1515 465 1587 ilia,
486 1535 551 1594 quae
560 1517 584 1572 si
594 1517 687 1575 minirs
699 1517 727 1572 in
740 1513 829 1574 scena

139 1594 221 1667 sunt,
242 1611 271 1653 at
291 1595 391 1666 certi,
412 1613 502 1673 quum
519 1594 583 1653 sunt
604 1596 736 1675 prolato,
757 1594 824 1653 lau-

141 1675 268 1746 dantur;
288 1691 321 1733 ut
336 1675 420 1734 vivat
443 1693 507 1731 cum
529 1672 602 1733 suis:
617 1678 740 1754 primum
758 1692 827 1733 cunr

139 1770 260 1836 parente
278 1753 375 1835 (nam
392 1772 461 1812 tneo
482 1750 591 1831 judicio
608 1757 699 1833 pietas
717 1752 824 1812 funda·

139 1851 272 1895 mentum
286 1833 327 1895 est
343 1837 474 1894 omnium
492 1832 655 1914 virtutum)
671 1851 756 1913 quem
770 1851 823 1892 ve·

140 1933 239 1986 retur,
257 1931 288 1972 ut
305 1911 418 1992 deum(
431 1931 528 1991 neque
545 1913 623 1971 enim
641 1913 733 1971 multo
744 1910 825 1970 secus

140 2016 246 2077 parens
265 1993 387 2074 liberis)
408 2008 485 2050 amat
506 1992 602 2062 verb,
627 2008 658 2049 ut
674 1991 824 2061 sodalem,

139 2094 170 2134 ut
188 2075 326 2143 fratrem,
340 2090 370 2131 ut
384 2070 535 2152 aequalem.
557 2070 639 2149 Quid
653 2071 745 2129 dicam
758 2091 839 2130 cunr*

139 2152 267 2236 patruo?
289 2173 353 2210 curn
374 2149 526 2213 affinibus?
546 2172 612 2211 curn
631 2149 823 2232 propinquis?

140 2255 209 2294 curn
222 2233 279 2291 hoc
291 2230 346 2291 Cn.
358 2231 530 2304 Saturnino,
541 2235 724 2292 ornatissimo
737 2229 824 2290 viro?-

139 2312 222 2392 cujus
239 2331 376 2395 quantam
395 2312 513 2372 honoris
531 2313 614 2392 hujus
638 2313 826 2393 cupiditatem

140 2394 219 2455 fuiffe
235 2395 371 2467 creditis,
390 2414 480 2474 quum
493 2394 620 2454 videatis·
631 2393 719 2452 lukius
732 2391 826 2449 socie-

139 2475 254 2535 tatem?
275 2474 358 2551 Quid
376 2474 412 2530 de
437 2492 484 2530 me
504 2472 618 2532 dicant?
639 2475 688 2550 qui
706 2471 774 2527 mihi
794 2471 827 2527 itt

139 2553 224 2634 hujus
242 2553 372 2632 periculo
394 2569 460 2608 reus
483 2547 681 2610 effevideor?
721 2547 770 2605 uid
787 2547 826 2608 de

139 2637 182 2694 his
193 2650 241 2691 tot
250 2628 435 2690 viristalibus
446 2673 455 2700 ‚
466 2648 540 2707 quos
552 2631 657 2689 videtis
668 2648 706 2687 ve
732 2647 748 2687 e
762 2648 825 2687 mu·

139 2712 223 2775 tati?
246 2712 337 2790 Atqui
354 2710 415 2766 haec
429 2706 491 2765 funt
508 2708 612 2768 indicia
626 2707 733 2780 solida‚·
745 2707 825 2768 Judid

140 2813 210 2864 ces,
232 2791 264 2848 &
287 2784 439 2869 expreffa;
460 2786 521 2844 haec
544 2792 625 2871 signa
651 2784 822 2868 probitatis,

140 2893 203 2932 non
219 2868 317 2930 fucata
333 2864 574 2948 forensispecie,
590 2868 640 2931 sed
660 2867 824 2931 domesticis
