2117 3942
186 332 265 435 538
390 332 619 406 orario

186 447 413 533 triumpharant,
425 449 459 512 81
478 468 541 512 non
549 449 639 544 ,fluia
652 443 806 507 commissi
815 445 877 510 sunt

187 534 223 594 iis
239 553 285 594 ma
316 528 439 605 stratus,
466 533 499 590 in
520 529 627 612 qmbus
643 547 676 588 re
693 527 774 589 bene
796 527 874 610 gesti

187 551 408 691 triumpiiarenr.
429 608 478 672 Ro
499 631 551 681 as,
567 630 630 691 qua
642 604 733 668 castra
748 608 872 669 viderit:

189 694 238 773 qui
259 692 292 751 &
313 689 396 751 miles
414 692 444 752 in
490 706 572 763 reta,
591 687 725 750 Metello
740 688 801 748 hoc
819 691 875 748 im·

188 786 346 853 peratore,
363 771 396 832 &
413 771 543 832 tribunus
561 770 591 828 in
603 768 785 831 Macedonia
802 770 878 829 mili·

187 871 253 912 tum
267 851 353 912 fuerit
364 895 378 922 ,
397 851 429 912 &
448 848 570 932 quaestor
587 866 704 908 tantum·
717 867 755 909 er
772 868 806 909 re
821 851 873 908 mi·

187 932 261 995 litari
283 930 438 992 detraxerit
453 948 513 992 tem
537 931 611 1002 oris,
625 945 769 1010 quantum
785 931 815 988 in
828 949 878 991 me

190 1010 411 1074 custodiendum
432 1027 509 1071 trans
568 1028 585 1070 e
608 1009 754 1068 maluerit.

230 1093 280 1151 62.
290 1090 406 1170 Quaeris
415 1135 426 1163 ,
437 1111 506 1151 num
518 1088 637 1150 disertus
645 1090 682 1149 sit
693 1087 705 1148 ἓ
717 1087 816 1148 Immo
826 1087 877 1160 ,il

190 1172 270 1254 mind
286 1170 442 1232 secundum
459 1169 518 1242 est,
531 1189 569 1230 ne
589 1169 644 1228 sibi
653 1168 775 1249 quidem
794 1169 871 1229 vide·

188 1269 245 1311 tur.
265 1250 344 1311 Num
360 1247 593 1329 jurisconsultus?
614 1247 711 1327 Quasi
728 1247 797 1330 quis
830 1269 876 1309 ans

190 1334 246 1402 sit,
264 1334 313 1413 qui
331 1331 384 1391 sibi
403 1331 477 1389 hunc
494 1330 593 1390 falsum
614 1328 653 1388 de
672 1325 738 1406 jure
756 1349 789 1391 re
800 1351 872 1410 pon·

190 1410 260 1474 dille
279 1412 365 1472 dicat.
392 1409 507 1472 Omnes
527 1413 605 1470 enim
621 1405 781 1469 illiusmodi
802 1426 872 1469 artes

189 1494 222 1551 in
236 1493 269 1551 iis
293 1489 558 1571 reprehenduntur,
577 1489 632 1570 qui
643 1508 734 1627 putam
752 1488 876 1571 professi:

188 1570 318 1643 fuerint,
336 1568 497 1631 satisfacere
516 1590 578 1630 non
600 1589 642 1650 po
665 1585 742 1642 unt,
767 1591 827 1631 non
844 1572 875 1629 in-

189 1652 286 1732 iis,qui·
292 1648 321 1710 se
332 1649 448 1711 abfiriffe
462 1649 499 1711 ab
507 1649 565 1710 istis
578 1647 675 1731 studiis
686 1647 871 1710 confitentur.

190 1729 310 1804 Virtus,
325 1731 472 1812 probitas,
490 1732 638 1812 integritas
651 1731 681 1788 in
699 1729 874 1804 candidato,

189 1831 250 1872 non
260 1811 363 1894 linguae
375 1811 556 1884 volubilitas,
569 1830 629 1870 non
640 1830 706 1884 ars,
716 1831 777 1871 non
788 1811 871 1871 scien·

188 1894 228 1951 tia
246 1893 351 1973 requiri
365 1890 449 1954 solet.
467 1892 513 1951 Ut·
528 1912 586 1950 nos
596 1893 625 1949 in
643 1894 797 1972 mancipiis
819 1912 871 1971 pa·

190 1973 305 2045 randis',
319 1976 449 2054 quamvis
466 1971 541 2052 frugi
557 1971 709 2030 hominem
729 1974 817 2052 sipro
832 1970 870 2030 fa·

189 2052 267 2128 bro,
283 2069 331 2112 aut
347 2075 402 2133 pro
420 2069 534 2114 textore
546 2055 688 2124 emimus,
708 2050 786 2112 ferre
807 2072 871 2110 mo·

188 2131 258 2191 lesse
268 2131 411 2207 solemus,
425 2137 447 2192 si
460 2151 508 2192 eas
523 2148 613 2205 artes,
623 2151 693 2212 quas
704 2133 734 2190 in
747 2131 868 2192 emendo

188 2210 276 2270 securi
295 2212 412 2287 sumus,
434 2212 509 2273 forte
524 2211 701 2283 nesciverit3
718 2214 868 2272 sinautem

189 2294 336 2363 enrimus,
365 2312 454 2372 quem
474 2292 600 2352 villicum
627 2294 864 2373 imponeremus,

188 2390 279 2453 quern
296 2373 394 2451 pecori
422 2371 632 2450 praeficeremus
645 2417 660 2443 ,
681 2373 754 2433 nihil
768 2375 794 2431 in
811 2391 865 2443 eo,

189 2453 244 2512 nisi
269 2450 487 2533 frugalitatem,
513 2450 668 2524 laborem,
694 2453 866 2534 vigilantiam

190 2531 246 2595 elle
263 2554 413 2593 curamus:
431 2535 470 2592 sic
490 2531 615 2612 populus
628 2530 781 2592 Romanus
801 2533 869 2592 deli·

140 2662 142 2666 .
189 2615 230 2693 git
249 2611 424 2695 magistratus
434 2657 444 2684 ,
462 2614 547 2694 quasi·
558 2612 723 2691 reipublicae
741 2613 866 2673 villicos:

188 2694 337 2772 inquibus
357 2696 455 2776 siqua
477 2697 613 2772 praeterea
638 2690 682 2752 est
699 2713 766 2767 ars,
789 2690 874 2766 facile·

187 2774 366 2851 patiturpsin
385 2775 502 2845 minius,
523 2775 753 2832 virture-eorum
772 2771 805 2832 &
824 2775 872 2831 in·-

187 2854 325 2916 aocentii
340 2871 493 2918 contentus
505 2850 562 2914 est..
575 2851 695 2934 Quotus
705 2856 786 2916 enim
799 2855 870 2935 quis·
