2117 3942
250 296 332 432 ’378
382 330 453 401 Da
476 265 789 399 rnorrrrcrrr

251 465 352 512 tamen
372 444 575 508 vehementior
589 439 710 502 arbitror
727 437 937 522 pertimescere-¹
967 514 970 519 ,

253 530 323 592 dum
341 571 351 601 ,
372 526 395 586 si
413 525 565 585 hominum
585 522 807 582 ciarissimorum
824 543 859 582 ac
877 543 938 604 po·

250 609 477 670 tentissimorum
491 621 540 664 aut
552 603 698 663 honorem
711 603 865 674 minuero,
887 617 937 679 arnt
956 662 958 667 ,

250 687 372 749 studium
405 705 474 767 erga
490 684 578 753 ,hunc
605 682 740 742 ordinem
767 683 938 763 repudiaro,

250 767 329 829 Nam
348 782 380 826 ut
397 762 434 825 C.
453 763 543 825 iulius
561 763 695 823 omnibus
712 785 735 822 a
747 759 847 823 senatu
872 767 938 825 exi·

249 850 334 922 mis,
350 861 399 906 aut
413 847 499 905 noris
514 842 600 914 rebus
613 859 751 916 ornatus,
765 863 820 924 per
833 864 938 907 manus

249 928 323 989 hanc
346 927 528 1008 provinciam
550 922 644 983 tradat
668 924 721 996 ei,
746 925 791 984 cui
816 926 938 1001 minime

249 1030 306 1072 vos
326 1007 440 1079 velitis;
456 1026 510 1086 per
527 1023 614 1084 quem
630 1003 763 1064 ordinem
785 1001 846 1085 ipse
869 1026 946 1066 arn«

271 1089 408 1149 lissimam
432 1088 467 1146 sit
505 1085 608 1144 loriam
629 1081 827 1158 consecutus,
847 1087 876 1146 ei
896 1105 937 1148 ne

248 1110 414 1231 iibertatem
434 1105 552 1248 quidem
580 1163 747 1245 relinquat,
769 1163 873 1249 adduci
899 1167 936 1227 ad

248 1247 447 1351 suspicandum
464 1245 545 1305 nulio
562 1244 655 1304 modo
673 1242 798 1324 possum.
818 1243 937 1307 Postre-

252 1350 325 1402 mo,
346 1349 406 1408 quo
440 1325 536 1406 uisque
549 1327 647 1384 animo
660 1323 770 1384 futurus
789 1327 848 1399 sit,
867 1347 937 1388 nes·

248 1410 322 1480 'cio;
342 1347 535 1488 quidiperem
551 1404 655 1466 video:
670 1405 804 1485 praestate
820 1405 876 1467 hoc
889 1406 937 1469 se'-

249 1505 336 1549 nator
357 1486 473 1558 debeo,
490 1500 631 1566 quantum
650 1483 763 1565 polium
780 1528 793 1561 ,
812 1489 850 1547 tie
872 1489 938 1569 quis

247 1569 294 1630 vir
316 1567 433 1640 clarus,
455 1582 503 1624 aut
522 1581 652 1645 potens,
674 1565 741 1626 huic
759 1565 856 1627 ordini
871 1565 938 1647 jure

248 1647 328 1708 irasci
347 1644 427 1726 posse
447 1645 589 1705 videatur.
613 1645 712 1725 Atque
732 1646 791 1707 hoc
806 1691 818 1721 ‚
834 1649 859 1707 si
876 1650 938 1710 ini-

249 1729 417 1788 micissimus
435 1723 527 1787 effem.
539 1723 577 1785 C.
593 1723 723 1798 Caesari,
738 1724 875 1789 sentirem
889 1745 939 1790 ta·

248 1829 319 1870 men
334 1809 377 1868 tei
398 1807 500 1867 ublicae
521 1806 615 1866 causi.

289 1829 396 1948 XVIII.³
414 1886 474 1948 Sed
491 1907 552 1948 non
571 1887 696 1946 alienum
712 1885 769 1948 effe
788 1888 938 1966 arbitror,'

249 1970 308 2049 qui>
326 1970 419 2029 minits
437 1965 511 2048 saepe
529 1982 577 2028 aut
595 1967 792 2048 interpellera
808 1973 939 2031 nonnul·

248 2047 303 2122 lis,
319 2066 368 2110 aut
387 2048 539 2109 tacitorum
556 2044 765 2108 existimatione
776 2051 939 2129 reprehen-

250 2129 324 2201 dar,
342 2129 486 2209 explicare
503 2129 652 2201 breviter,
668 2148 732 2209 quae
748 2130 823 2188 mihi
839 2133 876 2192 sit
890 2154 939 2195 ra-

247 2209 291 2267 tio
312 2209 344 2268 &
364 2207 444 2268 causa
466 2229 532 2268 cum
552 2206 674 2268 Caesare.
698 2209 744 2267 Ac
756 2212 882 2288 primitm
903 2213 938 2272 ii-

247 2285 300 2345 lud
325 2301 441 2367 tempus
463 2287 662 2348 familiaritatis
688 2288 720 2349 δι
748 2291 939 2352 consuetudi-

246 2367 310 2439 nis,
350 2387 393 2425 uae
411 2367 480 2425 mihi
498 2388 565 2426 cum
580 2367 652 2440 illo,
666 2389 731 2449 quae
745 2368 826 2430 fratri
842 2393 936 2449 meo,

248 2467 313 2529 quae
330 2387 367 2507 ἓ.
380 2444 508 2506 Varroni
528 2491 539 2517 ‚
560 2447 734 2509 consobrino
752 2450 874 2525 nostro,
897 2455 936 2514 ab

247 2528 379 2588 omnium
402 2525 530 2588 nostrin
550 2527 744 2590 adolescentia
764 2528 840 2605 fuit,
859 2553 938 2612 prae-

244 2610 386 2669 termino.
406 2605 595 2687 Posteaquam
610 2607 671 2668 sum
686 2611 803 2689 penitus
813 2613 842 2670 in
859 2631 938 2673 rem·

245 2688 392 2766 publicam
412 2690 420 2746 i
463 2686 576 2761 relius,
601 2690 640 2748 ita
659 2687 774 2750 diiiensi
796 2691 834 2750 ab
859 2692 911 2753 iilo
924 2738 940 2765 ,

245 2781 280 2825 nt
298 2771 327 2825 in
347 2708 538 2847 disjuridione
555 2767 701 2833 sententie
717 2768 866 2853 conjuniii
884 2789 936 2837 to·

247 2863 319 2908 men
333 2851 457 2914 amicitia
476 2868 672 2926 maneremus.
