2117 3942
274 361 346 457 528
494 357 709 424 Onrrro

270 475 418 538 tribulibus
441 470 615 553 Plancium,
642 468 724 549 qubd
750 467 850 527 multis
873 468 945 529 beni·

270 557 327 639 gne
350 554 471 622 fecerit,
490 573 545 632 pro
568 549 664 609 multis
690 548 707 608 s
724 549 907 630 oponderit,
926 552 946 607 ir

272 657 376 716 operas
394 634 535 714 plurimos
547 630 638 769 gattis
652 571 828 691 autloritate
847 631 881 689 δι
896 651 947 711 gra·
966 688 969 695 ,

271 718 312 776 ria
332 713 439 775 miserit
456 733 466 786 ;
486 713 545 792 qub
586 709 711 790 denique
734 710 874 769 omnibus
894 707 948 769 offi-

271 799 323 856 ciis
338 816 392 876 per
406 793 455 866 se,
470 812 521 872 per
538 808 669 872 patrem,
685 809 738 869 per
754 787 885 869 majores
897 789 948 850 suos

272 892 367 936 totam
386 876 534 937 Atinatem
552 868 748 950 praefediuram
764 892 835 930 com
857 871 949 931 tehen·

273 957 366 1018 derit:
387 956 427 1014 sic
439 970 470 1012 tu
487 951 583 1022 doce,
599 949 776 1030 sequestrem
791 892 891 1024 tuille,
907 952 949 1010 lat·

250 1040 366 1119 .gitum
387 1031 466 1105 effe,
487 1028 705 1110 conscripsisse,
728 1032 851 1093 tribules
872 1031 949 1092 decu·

275 1114 372 1176 rialle:
389 1111 469 1195 quod
484 1117 506 1170 si
520 1133 579 1171 non
593 1127 700 1191 potes;
718 1111 783 1171 noli
803 1112 905 1173 tollere
920 1130 947 1170 e1

274 1197 378 1256 ordine
399 1190 497 1254 nostro
514 1191 741 1265 liberalitatem,
763 1193 828 1252 noli
850 1189 946 1252 malefi-

274 1280 351 1336 cium
391 1291 472 1334 utare
491 1271 548 1332 elle
568 1273 706 1353 gratiam,
723 1272 787 1353 noli
805 1271 945 1333 observat·

273 1360 344 1416 tiam
360 1297 466 1414 ducite
488 1353 585 1433 poena.
608 1350 709 1431 Itaque
729 1353 907 1413 haesitantem
921 1368 944 1410 te

273 1438 303 1496 in
322 1437 378 1494 hoc
396 1432 591 1493 sodalitiorum
607 1430 745 1491 tribuario
767 1434 901 1506 crimine,
916 1428 945 1488 ad

274 1533 463 1576 communem
478 1510 601 1571 ambittis
620 1509 732 1571 causam
749 1511 905 1585 contulisti,
920 1511 944 1570 iu

272 1617 330 1676 qua
343 1588 505 1654 desinamus
518 1590 673 1672 aliquando
687 1589 735 1673 (si
747 1592 884 1674 videtur)
894 1589 944 1651 vul·

273 1676 334 1758 gari
350 1675 382 1735 ὃ(
397 1672 553 1756 pervagati
570 1670 785 1733 declamatione
800 1671 943 1735 contende·

276 1777 328 1818 re:
346 1756 385 1814 sic
398 1756 477 1814 enim
494 1771 592 1812 tecum
608 1772 675 1833 ago.

315 1833 364 1909 48.
390 1834 490 1973 (ffuam
507 1832 559 1892 tibi
577 1831 770 1892 commodum
789 1830 851 1906 est,
870 1848 942 1891 unam

274 1918 380 1976 tribum
420 1915 456 1973 eli
477 1933 493 1973 e
511 1930 563 1986 tu;
580 1912 655 1972 doce
674 1911 725 1985 id,
769 1913 831 1974 uod
849 1913 940 1982 debes,

243 2068 246 2072 ι
275 2017 329 2077 per
346 2015 433 2076 quem
449 1935 621 2074 dequestrem
642 2038 652 2066 ,
669 1935 873 2073 quodivisore
887 2013 942 2052 cor·

274 2092 359 2156 rupta
375 2078 429 2134 tit:
448 2094 524 2168 ego,
541 2077 563 2132 si
580 2073 609 2131 id
625 2071 721 2134 facere
733 2095 797 2135 non
814 2074 940 2155 potueris,

274 2156 373 2292 guod,
386 2162 417 2214 ut
431 2155 532 2234 oprnio
545 2175 611 2214 mea
625 2152 700 2227 fert,
713 2174 752 2214 ne
765 2158 880 2235 incipies
891 2154 939 2292 π·

296 2254 365 2307 em,
385 2255 438 2314 per
458 2255 545 2315 quern
564 2234 688 2307 tulerit,
712 2234 843 2297 docebo.
868 2233 891 2294 Ε
927 2249 939 2290 e

274 2315 335 2374 haec
359 2333 429 2372 vera
448 2316 599 2375 contentio
622 2313 633 2373 ἓ
646 2315 795 2452 dplacetne
820 2317 860 2374 sic
876 2309 938 2395 agi?

275 2416 335 2455 non
357 2390 468 2474 pollum
492 2396 582 2474 magis
606 2415 643 2474 pe
666 2415 714 2457 em
738 2395 894 2468 conferre,
915 2405 938 2450 ut

274 2478 383 2549 aiunt,
411 2489 460 2533 aut
487 2476 606 2555 propius
627 2473 780 2539 accedere.
806 2474 886 2556 Quid
903 2490 938 2530 ta-

273 2555 347 2616 ces?
368 2554 436 2636 quid
452 2553 633 2631 dissimulas?
652 2555 722 2635 quid
735 2548 937 2638 tergiversaris?

275 2638 364 2697 etiam
388 2650 474 2716 atque
499 2638 586 2695 etiam
606 2632 678 2695 insto
697 2679 707 2708 ,
727 2654 816 2717 atque
834 2653 937 2716 urgeo,
962 2653 965 2659 ·

184 2740 188 2748 ¹
273 2715 397 2776 inseclor
414 2761 424 2789 ,
442 2713 529 2794 posco
551 2759 560 2788 ‚
583 2732 668 2796 atque
687 2715 761 2775 adeo
781 2717 883 2798 flagito
897 2711 938 2773 cti·

274 2814 343 2853 men
358 2818 365 2854 :
383 2796 593 2891 quamcumque
609 2796 734 2869 tribum,
749 2798 887 2879 inquam,
900 2793 938 2852 de·

273 2875 399 2954 legeris,
421 2877 617 2958 quam-tulerit
634 2875 785 2953 Plautius,
807 2895 838 2939 tu
856 2873 939 3016 ogere

902 2970 938 3024 10,
