2117 3942
80 356 190 437 172.
299 342 514 412 OnArro

81 474 141 519 tem
155 453 279 518 vestram
291 475 308 517 e
320 455 449 516 fluctibus
466 456 519 516 illis
534 454 699 530 servitutis,
717 468 763 520 re·¹
798 528 807 535 ¹

80 536 218 598 viviscere
243 541 415 597 memoriam
442 558 476 596 ac
503 536 677 597 desiderium
702 540 767 598 mei·—

80 618 179 690 vidit,
202 617 287 678 vobis
307 616 334 677 se
357 619 455 696 coepit¹
467 615 560 678 subito
580 616 767 678 fallacissime·

80 698 242 760 venditare.
265 695 363 770 Tum,
380 697 462 779 leges
474 695 565 756 Julias
578 715 680 757 contra
696 696 766 758 aus-'

80 779 157 860 picia
174 778 265 848 latas,
284 777 316 837 δι
330 777 398 850 hic,
416 778 494 837 &in
514 777 703 837 concionibus
715 778 767 836 di-·

81 878 166 919 cere:
186 861 216 917 in
233 857 335 938 quibus
347 856 457 938 legibus
477 859 569 917 inerat
590 859 698 916 curiata
715 858 767 918 illa·

81 939 148 1013 lex,
162 960 226 1020 quae
243 954 338 998 toturn
353 935 415 1016 ejus
430 937 605 996 tribunatum
627 938 767 999 contine⁴

80 1020 155 1093 bat;
174 1038 260 1100 quarn
278 1038 369 1076 caecus
392 1017 515 1076 amentii
536 1038 597 1076 non
615 1017 761 1077 videbat:

104 1100 263 1161 reducebat
279 1097 463 1158 fortissimum
479 1099 590 1170 virum,
612 1096 658 1156 M.
676 1096 768 1157 Bibu··

81 1122 144 1242 lum
163 1202 170 1240 :
196 1178 341 1261 quaerebat
360 1198 397 1237 ex
419 1197 482 1253 eo,
500 1175 538 1237 C.
554 1175 667 1238 Caesare
686 1178 766 1260 leges·

83 1261 198 1323 serente
209 1305 218 1332 ,
233 1256 270 1318 de
286 1257 360 1317 coelo
371 1256 520 1337 semperne
528 1256 661 1318 servasset
672 1256 684 1316 ἓ
694 1258 766 1318 sem·

83 1361 137 1422 per
149 1340 178 1400 se
193 1340 241 1398 ille
256 1334 379 1397 servasse
391 1336 514 1397 dicebat.
533 1339 667 1419 Augures
678 1340 764 1398 inter·

83 1442 119 1480 ro
141 1420 207 1479 abat
223 1438 286 1496 quae
305 1419 343 1476 ita
360 1416 418 1477 lata
439 1415 549 1492 essent,
567 1417 683 1477 redisne
707 1418 768 1478 lata·

85 1521 103 1561 e
127 1497 198 1560 ent?
214 1498 254 1556 illi
270 1498 341 1557 virio
360 1496 487 1557 latuelle
507 1498 651 1557 dicebant.
676 1497 766 1560 Fere-

82 1580 155 1638 bant
169 1580 199 1638 in
216 1577 467 1636 oculis.hominem
481 1579 597 1658 quidam
610 1579 683 1637 boni
693 1581 747 1640 viri
753 1594 770 1653 ,¹

85 1659 120 1718 &
146 1657 182 1718 de
200 1677 248 1718 me
267 1657 377 1738 optime
400 1660 520 1729 meriti,
542 1658 591 1718 sed
614 1659 712 1733 illius,
734 1676 766 1719 ut

83 1757 143 1819 ego
159 1737 299 1809 arbitror,
313 1736 415 1797 suroris
432 1741 440 1796 i
462 1740 533 1798 nari.
554 1739 682 1821 Longius
696 1759 770 1820 prod

82 1819 192 1876 cessit:
213 1819 243 1877 in
261 1816 353 1898 ipsum
370 1816 427 1878 Cn.
443 1759 618 1900 lompeium
636 1863 646 1892 ,
670 1818 771 1878 audo-¹

79 1916 170 1970 rem,
188 1913 219 1956 ut
231 1897 384 1978 praedicare
395 1895 436 1957 est
449 1897 564 1972 solitus,
580 1898 770 1959 consiliorum·

79 1975 201 2036 suorum
221 2021 230 2050 ,
252 1977 350 2039 invehi
370 1979 470 2059 coepit.
493 1978 586 2039 Inibat
606 1981 728 2061 gratiam
749 2001 767 2041 a

78 2057 245 2116 nonnullis.

122 2152 178 2209 49.
200 2134 284 2198 Tum
298 2138 371 2198 verb
388 2138 429 2198 est
446 2155 521 2198 ratus
538 2138 565 2198 se
579 2137 660 2219 polle
671 2183 681 2213 ,
693 2160 766 2222 quo·

75 2209 165 2287 niam
177 2227 315 2293 togatum·
326 2215 474 2276 domestici
485 2216 555 2276 belli
567 2215 768 2282 exstindorem

75 2284 196 2346 nefario
217 2291 327 2354 scelere
341 2293 488 2368 foedasset,
505 2297 585 2355 illum
603 2299 717 2373 etiam,
735 2301 773 2360 il··

75 2362 150 2429 lum.
167 2385 361 2433 externorum
390 2375 564 2449 bellorum,
587 2376 774 2461 hostiumque²

75 2442 225 2506 riflorem
246 2449 395 2534 affligere:
413 2471 473 2514 turn
491 2454 532 2516 est
547 2456 594 2516 illa
613 2460 641 2517 in
655 2461 773 2540 templo·

75 2518 211 2619 Qasloris
227 2527 388 2609 scelerata,
408 2535 440 2595 &
458 2556 535 2616 pene
549 2537 670 2598 deletrix
687 2537 771 2619 hujus

75 2607 776 2759 ern}„ustumrustris:

75 2766 199 2840 tuqui.
213 2790 328 2837 omnes
348 2777 506 2860 angustias,
522 2718 625 2837 blldrnes
645 2765 777 2839 altitudiss

75 2849 136 2907 θ’.
164 2854 317 2919 omnium
337 2857 454 2942 objeda
471 2858 550 2929 tela,
565 2857 675 2939 semper
690 2862 722 2921 vi
740 2860 778 2922 &⁸
