2117 3942
320 377 421 446 Pto
445 378 602 448 Dono
628 397 738 449 svn.
817 407 865 477 73

187 494 272 577 legam
296 509 424 562 meum,
446 489 658 568 defenderem,
677 494 811 576 quaedam
834 497 873 559 de

185 572 711 716 ῗξυξξὶζὲἷῃᾳυῗηῗιὶίἐίενξῖεὴξυηιὴαά
723 575 798 672 illius
813 581 872 671 tni·

184 735 263 817 probi
281 732 321 794 ad
340 674 484 815 qutisdam
502 735 582 793 vitos
597 676 794 818 loiteinliirigi
813 678 873 798 iii-

184 833 240 891 ter,
255 832 349 896 atque
367 836 385 873 a
403 833 452 873 me
471 812 546 872 dieta
559 832 660 888 erant,
680 814 869 877 detulerunt:

184 896 245 959 horai
258 894 365 968 nona,
380 893 434 953 illo
447 891 510 972 ipso
528 894 594 967 die,
609 913 640 955 tu
657 913 688 954 es
705 895 871 977 adoptatus.

184 975 227 1049 Si,
238 975 323 1057 quod
339 975 371 1034 in
386 976 492 1034 ceteris
509 973 621 1055 legibus
639 975 745 1035 trinllm
761 976 871 1037 nundi·

185 1057 244 1118 ultn
255 1055 314 1117 elle
326 1077 347 1116 o
372 1070 452 1115 ortet
460 1097 472 1124 ,
481 1053 551 1123 idin
563 1055 723 1140 adoptione
734 1055 800 1115 satis
808 1055 870 1130 est,

185 1138 264 1196 ttiutn
276 1133 333 1197 effe
346 1077 509 1206 botarum
524 1134 593 1194 nihil
606 1135 790 1214 reprebendo
804 1156 811 1195 t
826 1137 872 1207 sin

188 1216 283 1277 eadem
299 1213 488 1276 observanda
504 1212 588 1274 sunt:
602 1217 625 1273 si
644 1214 774 1275 decrerit
791 1212 873 1275 seua·

186 1314 239 1370 tus,
251 1295 298 1356 M.
317 1294 414 1356 Drusi
428 1294 455 1353 le
477 1295 561 1367 ibus,
576 1316 638 1375 quae
652 1312 754 1355 contra
769 1295 868 1376 legem

186 1375 327 1438 cacillant
356 1376 391 1435 &
412 1314 533 1463 Diiiam
551 1374 615 1434 latae
635 1372 748 1448 essent,
768 1396 869 1458 popu-

184 1457 236 1518 lunt
249 1478 313 1517 non
331 1455 450 1516 teneri:
466 1475 525 1534 Jatn
541 1455 697 1536 intelligis,
716 1456 798 1515 omni
833 1475 869 1519 e·

184 1558 244 1633 nete
255 1536 330 1618 juris
344 1580 354 1609 ‚
369 1534 452 1617 quod
468 1535 498 1593 in
514 1534 616 1608 sacris,
634 1535 714 1629 quod
729 1539 758 1594 in
775 1558 790 1599 a
823 1537 870 1676 pi·

184 1621 225 1678 cris
235 1663 246 1693 ,
258 1617 349 1701 quod
361 1619 393 1676 in
410 1615 522 1697 legibus
536 1617 588 1689 sit,
598 1632 628 1676 te
641 1616 787 1676 tribunum
802 1637 822 1698 p

184 1698 219 1759 bis
238 1720 303 1762 non
326 1693 423 1757 fuiffe.

216 1800 267 1854 42.
285 1777 392 1859 Atque
404 1797 460 1858 ego
471 1776 529 1836 hoc
541 1793 636 1837 totum
650 1796 710 1836 non
724 1778 786 1838 sine
799 1787 872 1838 caud

185 1858 207 1920 st
221 1859 371 1939 relinquo.
385 1855 485 1917 Video
500 1859 579 1917 enim
595 1855 733 1938 quosdam
750 1857 872 1917 clarissi-

185 1961 246 2000 mos
265 1942 347 2000 viros
358 1983 368 2011 ‚
381 1939 527 2018 principes
545 1939 667 1995 civitatis
680 1980 689 2009 ‚
701 1938 811 2016 aliquot
823 1937 872 1996 lo-

187 2023 226 2078 cis
237 2015 393 2091 'udicaffe‚
409 2034 440 2077 te
454 2038 523 2076 eum
534 2017 622 2095 plebe
637 2013 699 2093 jure
715 2034 801 2095 agere
812 2036 874 2096 po-

187 2102 224 2159 tui
249 2118 290 2171 e;
308 2101 356 2179 qui
374 2100 463 2158 etiarn
484 2096 523 2156 de
542 2116 590 2156 me
608 2093 695 2175 ipso,
715 2116 802 2178 quum
822 2096 875 2157 tua

185 2181 337 2263 rogatione
354 2177 458 2239 funere
471 2178 577 2237 elatam
590 2175 797 2256 rempublicam
811 2175 873 2239 elle

189 2261 338 2332 dicerent,
357 2277 459 2319 tamen
479 2258 509 2317 id
535 2256 641 2331 funus,
663 2261 716 2318 etsi
736 2258 872 2319 miserum

190 2360 265 2424 atque
288 2341 432 2400 acerbum
449 2335 542 2398 fuiffet
553 2383 563 2410 ‚
576 2337 639 2416 jure
655 2337 793 2398 indistum
812 2337 873 2399 elle

190 2422 317 2483 dicebant
338 2441 346 2478 ι
365 2418 446 2501 qubd
466 2417 503 2478 de
521 2439 569 2477 me
587 2420 652 2478 cive
669 2441 703 2479 ac
721 2418 758 2478 de
776 2438 872 2495 repu-

187 2502 253 2562 blica
269 2502 353 2562 bene
370 2501 478 2559 merito
495 2497 599 2558 tulilles
611 2543 620 2571 ‚
632 2496 775 2558 funestum
788 2496 874 2554 funus

187 2600 212 2641 te
227 2578 364 2641 indixilse
383 2579 570 2659 reipublicae3
585 2577 666 2658 qubd
682 2576 765 2637 salvis
781 2573 875 2653 auspi·

186 2664 230 2723 ciis
244 2658 378 2731 tulilles‚
391 2656 454 2735 jure
467 2656 553 2739 egille
567 2658 712 2717 dicebant.
725 2655 827 2732 Quare
838 2653 874 2714 li·

185 2744 284 2814 tebit,
303 2757 336 2799 ut
353 2741 484 2819 opinor,
497 2739 581 2797 nobis
602 2757 651 2794 eas
668 2733 794 2793 aeliones
811 2754 873 2797 nott

185 2821 331 2882 infirmare
347 2864 357 2893 ,
378 2819 483 2900 quibus
499 2817 540 2876 illi
559 2814 718 2875 actionibus
734 2813 875 2876 constitu·

185 2919 244 2965 tum
275 2901 458 2962 tribunatum
487 2914 571 2959 tuum
599 2896 878 2977 comprobaverunn‘

227 2987 335 3047 Tomus
357 2986 388 3045 V
388 2981 415 3042 1.
720 2975 754 3038 D
