2117 3942
346 400 406 454 tu
431 387 725 455 Varturuu.
801 402 877 481 295

187 497 277 561 etiam
294 494 388 572 urbe,
406 512 437 557 te
452 517 590 580 augurem
606 498 670 560 fore
686 496 786 580 putasti
803 521 880 563 :ve-

186 594 375 651 mmtamen,
394 593 426 637 ut
442 575 552 639 somnia
568 597 617 640 tua
634 580 814 660 relinquam,
839 582 877 642 ad

184 658 295 722 scelera
309 654 453 796 veniam?
467 659 539 718 volo
552 661 593 717 uti
609 660 678 718 mihi
691 660 875 741 respondeas:

184 758 275 822 quum
296 736 343 798 M.
360 736 434 798 Bibu
448 758 497 796 um
514 738 681 813 consulem,
699 762 760 800 non
779 743 874 803 dicam

184 820 263 883 bene
281 818 320 880 de
335 816 485 899 republica
500 815 690 891 sentientem,
707 840 744 879 ne
757 838 785 879 tu
803 824 873 883 mihi

184 900 279 961 home
320 914 407 958 otens
423 894 566 972 irascare,
611 900 639 957 ui
656 897 692 956 ab
711 919 747 959 eo
768 901 874 962 dissen-

184 978 269 1053 aiffi3
294 920 347 1040 sdd
366 978 518 1038 bominem
540 920 619 1038 cerii
640 977 777 1057 nusquam
820 1003 872 1041 ro·

185 1060 399 1142 gredientem,
428 1058 498 1117 nihil
521 1060 551 1116 in
574 1078 604 1117 re
627 1056 721 1116 ublica
743 1004 874 1121 mosien-

184 1157 266 1212 ttttt,
281 1141 396 1199 tanturn
411 1139 511 1197 animo
526 1137 563 1196 ab
578 1079 737 1197 adionibus
752 1140 806 1196 tuis
817 1141 875 1199 dis·

183 1218 358 1281 sentientem
380 1237 498 1298 :quum
525 1236 593 1278 eum
616 1234 646 1277 tu
669 1215 816 1278 consulem
842 1221 873 1279 in

184 1300 280 1361 tincta
299 1299 446 1370 duceret,
465 1298 497 1359 &
516 1320 533 1358 a
552 1297 650 1358 tabula
668 1297 787 1359 Valeria
807 1300 874 1359 col·

184 1380 255 1461 lege
277 1380 322 1438 tui
346 1380 422 1438 initti
447 1377 583 1457 juberent
603 1399 613 1451 ;
638 1376 777 1440 fecerisne
804 1396 873 1442 ante

184 1458 288 1521 Rostra
305 1475 451 1540 pontem,
471 1461 642 1519 continuatis
659 1459 872 1535 tribunalibus,

184 1558 339 1622 perquem
356 1537 454 1599 consul
471 1540 574 1620 populi
582 1538 715 1601 Romani
733 1540 872 1602 modera-

185 1622 309 1682 tissimus
326 1620 361 1680 ὃ(
377 1616 639 1694 constantissimus,
657 1619 770 1680 sublato
788 1623 872 1681 auris

184 1698 383 1776 lio,e1clusis
400 1699 517 1773 amicis,
532 1702 562 1759 vi
578 1699 758 1780 perditorum
773 1699 870 1761 homi·

184 1800 251 1841 unm
280 1778 427 1852 incitati,
458 1781 622 1860 turpissimo
651 1778 869 1862 miserrimoque
923 1818 925 1823 ·

185 1859 345 1941 spectaculo
371 1880 431 1918 non
448 1861 477 1918 in
500 1879 668 1933 carcerem,
683 1858 732 1919 sed
749 1859 785 1919 ad
802 1860 871 1942 sup·

185 1941 299 2022 plicium
319 1941 351 1999 ὃ(
369 1940 407 1999 ad
421 1959 524 2001 necem
544 1940 720 2000 duceretur?

222 2040 272 2082 22.
293 2019 427 2099 Quaero,
441 2040 510 2079 num
547 2022 588 2077 uis
602 2038 669 2080 ante
681 2036 711 2079 te
723 2034 783 2077 tam
803 2017 870 2080 fue·

184 2102 217 2161 rit
238 2099 386 2175 nefarius,
407 2103 455 2181 qui
475 2100 505 2159 id
525 2040 651 2160 decerit?
674 2117 705 2160 ut
727 2099 869 2174 sciamus,

185 2199 278 2242 utrurn
305 2199 440 2242 veterum
468 2179 627 2241 facinorum
651 2182 688 2240 sis
711 2182 868 2257 imitator,

184 2282 218 2321 an
238 2266 377 2322 inventor
395 2282 550 2321 novorum.
571 2260 711 2343 Idemque
726 2279 755 2321 tu
776 2283 867 2343 quum

184 2340 224 2402 his
244 2358 333 2424 atque
351 2339 513 2420 hujusmodi
528 2344 653 2402 consiliis
672 2365 705 2401 ac
729 2342 868 2401 facinori-

184 2421 235 2482 bus
254 2468 264 2498 ,
286 2423 406 2482 nomine
431 2420 468 2481 C.
489 2421 630 2495 Caesaris,
651 2420 869 2482 clementissimi

184 2519 267 2583 atque
285 2503 391 2581 optimi
405 2503 476 2575 viri,
491 2500 598 2561 scelere
614 2503 687 2561 verb
706 2517 793 2579 atque
812 2518 868 2556 au-

184 2582 261 2642 dacid
278 2581 328 2642 tud
339 2626 350 2655 ,
363 2581 409 2640 M.
424 2581 558 2641 Bibulum
573 2580 640 2638 soro
652 2623 661 2651 ,
674 2580 771 2649 curii,
789 2595 867 2635 tem·

183 2663 261 2741 plis,
284 2662 357 2722 locis
376 2662 510 2720 omnibus
529 2657 680 2739 expulisses
698 2701 709 2731 ,
727 2655 865 2718 inclusum

184 2742 262 2802 domi
280 2743 467 2814 contineres3
519 2758 627 2820 umque
643 2759 705 2797 non
716 2735 866 2817 majestate

183 2821 315 2902 imperii,
332 2843 392 2882 non
410 2761 517 2901 jutedde¹
537 2839 606 2890 um,
625 2816 674 2879 sed
689 2815 867 2902 januaeprae·

183 2902 253 2967 tidie
272 2903 466 2986 &parietum
485 2923 500 2964 c
546 2900 642 2976 odiis,
659 2899 783 3042 lcqnnsulis
803 2904 864 2967 vita

710 3003 741 3044 tv
