2117 3942
294 365 374 456 ‘246
513 362 761 433 Ounno

294 476 325 537 id
342 475 400 549 est,
416 474 541 556 judicia,
560 475 661 558 quibus
678 498 767 539 omne
780 474 825 558 jus
843 495 908 538 com

294 574 351 617 tur.
372 557 482 617 iudicia
514 557 689 638 displicent,
713 577 761 618 aut
784 557 862 617 nulla
885 557 908 616 st

293 639 338 698 vis
365 636 529 698 dominetur
554 635 665 698 necesse
692 637 743 698 est.
777 638 849 697 Haec
876 639 905 698 vi

293 737 422 778 omnes:
442 718 518 778 Milo
542 718 575 776 &
593 717 690 790 vidit,
709 719 741 778 &
761 717 854 790 fecit,
876 735 908 777 ut

292 801 492 877 experiretur,
514 800 576 859 vim
599 796 761 878 depelleret
784 818 793 857 ι
816 799 908 858 altero

251 942 255 948 ,
292 877 408 951 voluit,
421 895 452 937 ut
472 880 563 940 virtus
581 877 730 938 audaciam
750 881 883 940 vinceret
900 900 908 952 3

292 974 358 1017 tero
390 956 454 1017 usus
480 956 637 1019 necellarib
661 958 727 1032 est,
755 979 794 1019 ne
820 959 908 1019 virtus

291 1038 411 1099 audacia
434 1041 608 1099 vinceretur.
632 1037 802 1120 Eademque
826 1042 899 1098 tatio

292 1116 327 1178 P.
343 1118 462 1193 Sextii,
488 1122 512 1179 si
534 1121 627 1180 minbs
649 1120 678 1179 in
704 1118 863 1179 accusando
889 1116 904 1198 (

293 1218 352 1338 pue
373 1202 451 1259 enim
471 1220 524 1280 per
553 1217 656 1259 omnes
683 1198 736 1260 fuit
762 1199 840 1259 idem
866 1219 908 1259 ne·

316 1277 383 1360 eri)
404 1297 432 1338 at
452 1281 530 1340 certe
545 1282 575 1338 in
592 1283 765 1340 necessitate
784 1278 908 1339 defende

293 1359 388 1419 salutis
405 1358 485 1432 suae,
511 1359 704 1440 ptaesidioque
730 1376 830 1421 contra
856 1361 908 1420 vin

293 1460 412 1500 manum
432 1461 498 1499 com
521 1438 643 1499 arando.

286 1547 290 1552 ·
334 1518 466 1579 XLIII.
536 1518 575 1579 dii
592 1520 799 1581 immortales!
842 1539 908 1580 uem

293 1597 442 1660 ostenditis
460 1602 570 1660 exitum
586 1600 696 1660 nobis?
716 1621 803 1681 quam
821 1540 904 1681 ipem

288 1681 415 1760 publicae
435 1679 533 1740 datis?
554 1697 660 1762 quotus
682 1680 799 1762 quisque
816 1682 907 1742 inven

293 1761 374 1820 tanti
390 1764 497 1822 virtute
515 1763 586 1834 vit,
607 1764 655 1842 qui
673 1765 814 1842 optimam
833 1783 908 1843 quan

286 1841 406 1903 ¹causam
427 1843 592 1924 reipublicae
605 1842 813 1922 amplctimur?
827 1846 877 1924 qui
895 1843 908 1902 I

294 1924 363 1984 viris
374 1921 514 1985 deserviat
525 1923 537 1982 ἓ
550 1925 599 2005 qui
607 1922 728 1984 solidam
738 1923 854 1982 laudem
864 1943 908 1984 vet

295 2024 353 2084 que
376 2005 505 2086 quaerat?
521 2026 610 2085 quum
628 2004 718 2075 sciat,
735 2005 794 2063 duo
814 2004 861 2062 illa
883 2024 908 2063 rt

295 2083 378 2143 blicae
401 2106 477 2164 pene
496 2085 576 2160 fata,
596 2083 755 2145 Gabinium
774 2085 806 2144 &
826 2082 908 2142 Pison

295 2164 418 2222 alterum
440 2166 552 2225 haurire
578 2166 709 2244 quotidie
732 2185 769 2225 ex
794 2167 908 2244 pacatis:

289 2259 382 2323 atque
400 2246 621 2322 opulentissimis
640 2244 732 2324 Syriae
750 2248 824 2326 gazis
846 2248 908 2303 inm

290 2323 385 2381 -rabile
406 2325 519 2402 pondus
538 2325 619 2384 auri?
641 2325 751 2384 bellum
767 2324 872 2386 inferre
889 2346 908 2406 q

295 2403 453 2477 centibus,
477 2421 508 2464 ut
534 2426 636 2465 eorum
662 2425 779 2466 veteres
804 2406 908 2464 illibata

296 2484 410 2546 divitias
430 2486 459 2544 in
476 2485 733 2566 profundissimum
751 2486 901 2545 libidinum

295 2586 360 2625 rum
375 2568 516 2648 gurgitem
532 2566 712 2647 profundat?
726 2567 824 2626 villam
840 2565 908 2626 aedit

296 2649 326 2705 in
337 2649 427 2708 oculis
439 2649 570 2708 omnium
580 2665 689 2708 tantam
701 2693 710 2720 ‚
725 2650 868 2729 tugurium
879 2663 908 2705 ut

296 2729 430 2788 videatur
451 2727 507 2789 effe
527 2730 576 2788 illa
595 2729 687 2799 villa,
703 2750 789 2809 quarn
807 2731 869 2807 ipse
892 2744 908 2784 t

296 2828 349 2867 nus
366 2809 459 2887 plebis
475 2810 579 2890 pillam
596 2811 667 2870 olim
684 2812 712 2867 ln
726 2808 908 2868 concionibu:

295 2888 441 2969 plicabat,
457 2892 515 2975 qub
527 2890 721 2973 ⁴fortissimum
736 2911 769 2951 ac
785 2887 908 2950 summut
