2117 3942
253 333 300 404 88
424 379 430 387 -
476 331 705 400 Onam
760 342 766 357 ¹

250 448 288 508 de
313 466 382 507 meo
408 447 501 507 reditu
529 443 680 506 ferendam
707 455 768 504 nori
793 441 901 505 censuit
918 457 943 503 r‘

242 552 269 594 ,o
283 529 331 607 qui
349 546 397 587 nte
421 523 587 586 consuluisse
605 523 769 604 reipublicae
785 569 796 596 ,
817 524 932 585 cessisse

248 630 267 662 n
280 604 442 686 tempestati
459 627 468 679 ;
487 608 655 666 amiciorem
673 605 760 665 vobis
774 603 932 686 ceterisque

248 687 407 760 minibus,
427 686 514 768 quint
535 687 603 744 mihi
624 706 657 745 ac
678 689 750 746 meis
769 684 902 746 exstitisse
923 705 933 758 3

248 790 267 822 a>
281 769 332 838 vi,
350 769 456 841 armis,
474 765 645 827 dissensione
663 767 813 826 hominum
825 765 862 831 ad
873 787 933 826 cae-

250 870 269 903 n
283 847 351 907 dem
371 845 515 922 instituti,
534 865 673 926 novoque
696 846 847 907 dominatu
865 846 933 926 pul-

244 953 269 985 .»
283 926 344 986 sum
362 925 417 988 esse
436 928 524 988 dixit:
540 927 609 986 nihil
625 926 663 986 de
679 946 749 987 meo
763 929 858 1007 capite
877 948 934 1006 po·

249 1033 269 1066 n
283 1005 362 1068 tuisse
384 1006 451 1068 ferri
467 1029 476 1080 3
493 1007 563 1068 nihil
583 1004 640 1067 esse
661 1008 724 1086 jure
743 1005 862 1087 scitum,
883 1025 933 1067 aut

248 1114 268 1147 ar
281 1087 360 1169 posse
373 1088 489 1149 valere:
507 1090 607 1150 omnia
618 1104 719 1149 eontra
728 1087 809 1225 leffes
823 1086 934 1147 mores·

251 1195 270 1227 i>
284 1190 340 1250 que
361 1167 505 1247 majorum
526 1167 658 1241 temere,
676 1168 761 1228 turbu
774 1166 861 1240 ente,
878 1187 932 1246 per

243 1275 270 1308 ar
284 1253 364 1323 vini,
398 1268 430 1308 er
443 1248 571 1309 furorem
582 1246 638 1308 esse
652 1247 748 1329 gesta:
762 1247 841 1329 qudd
851 1250 875 1306 si
885 1248 932 1307 illa

252 1357 272 1391 n
284 1330 331 1390 lex
353 1270 444 1402 esset,
466 1348 519 1389 nec
537 1325 645 1388 referre
661 1327 698 1388 ad
715 1327 843 1388 senatum
861 1348 934 1386 con-

253 1437 272 1468 „
285 1410 376 1483 fuleo,
391 1429 446 1475 nec
459 1408 632 1469 sententiam
648 1409 745 1469 dicere
758 1409 811 1468 sibi
828 1408 933 1480 licere;

241 1517 271 1549 ‚rr
285 1510 407 1571 quorum
431 1507 586 1570 utrumque
612 1511 699 1569 quum
725 1487 841 1562 fieret,
873 1510 934 1548 non

243 1599 271 1632 ar
284 1588 441 1651 oportere,
456 1587 486 1630 ut
504 1570 541 1630 de
552 1590 600 1630 me
614 1571 660 1630 lex
671 1569 812 1643 ferretur,
831 1569 935 1631 decer·

252 1679 271 1712 n
286 1655 332 1725 ni3
349 1671 385 1712 ne
400 1651 468 1723 illa,
483 1673 546 1732 quae
562 1651 640 1715 nulla
654 1648 740 1723 eslet,
757 1649 814 1711 else
830 1649 878 1710 lex
891 1647 935 1728 ju·

253 1732 436 1792 radicaretur.
465 1731 614 1792 Sententia
637 1734 736 1791 verior
757 1775 766 1802 ‚
789 1734 934 1813 gravior,

253 1814 375 1887 utilior,
400 1811 505 1873 melior
525 1811 687 1891 reipublice
704 1811 782 1870 nulla
801 1809 858 1871 effe
878 1833 936 1890 po-

252 1897 323 1954 tuit:
344 1893 468 1953 hominis
483 1895 560 1954 enirn
573 1891 680 1951 scelere
698 1892 731 1950 &
741 1891 838 1952 surore
850 1909 936 1951 nota-

253 1994 305 2047 to,
327 1973 424 2034 similis
441 1996 457 2033 a
476 1974 622 2054 republica
640 1971 718 2032 labes
739 1975 769 2031 in
787 1971 935 2054 posterum

242 2055 477 2116 demovebatur.
738 2073 746 2081 ·
826 2074 828 2079 ·

295 2135 343 2212 69.
361 2133 465 2214 Neque
485 2134 542 2195 hoc
559 2132 615 2194 Cn.
628 2132 803 2216 Pompeius,
816 2134 866 2212 qui
882 2155 936 2194 or-

243 2217 430 2281 natissimam
448 2213 485 2273 de
505 2235 553 2275 me
575 2213 744 2275 sententiam
761 2214 850 2286 dixit,
869 2213 937 2274 vos-

241 2306 333 2376 ¹que,
348 2290 527 2369 Pontifices,
544 2298 593 2375 qui
610 2315 657 2354 me
674 2294 774 2356 vestris
791 2293 937 2355 sententiis

254 2372 522 2453 austoritatibusque
542 2374 726 2449 defendistis,
738 2373 936 2450 non-vidistis,

255 2457 333 2517 illatn
351 2453 406 2517 esse
423 2455 548 2529 nullam,
564 2475 651 2537 atque
668 2454 724 2517 esse
733 2457 835 2596 fotius
852 2455 936 2514 flam·

257 2558 336 2598 marn
353 2538 511 2615 temporis,
533 2535 715 2597 interdislum
746 2536 863 2607 celeris,
879 2557 938 2595 vo·

258 2639 326 2678 cern
342 2613 464 2677 suroris:
480 2615 530 2678 sed
543 2616 740 2698 prospexistis,
756 2637 793 2678 ne
810 2636 867 2695 qua
883 2638 939 2696 po·

255 2698 361 2775 pularis
377 2701 406 2757 in
424 2718 479 2758 vos
497 2698 650 2780 aliquando
666 2699 775 2759 invidia
792 2697 938 2757 redunda-

256 2780 357 2848 ret‚-si
370 2780 431 2838 sine
445 2780 545 2859 populi
562 2778 670 2858 judicio
689 2777 807 2839 restituti
820 2777 938 2838 videre·

244 2875 343 2920 ntur:
359 2858 525 2945 eodemque
541 2860 681 2935 consilio,
695 2859 742 2922 Μ.
753 2857 868 2937 Bibuli,
879 2857 940 2921 for·
