2117 3942
207 409 281 506 308
311 407 476 476 ORATIO
503 418 553 470 m
576 404 817 474 VATmoM.

207 521 384 582 deciaratum
399 517 441 580 est
454 539 461 577 z
478 515 519 578 est
535 521 612 577 enim
630 535 695 577 reus
710 530 836 595 uterque
850 536 856 572 ι

205 600 341 661 eamdem
357 599 489 671 causam,
511 598 543 657 &
562 597 670 656 eodem
688 597 856 656 crimine'u

205 696 249 741 ter
268 680 315 738 die
334 679 409 738 dista
426 679 463 738 ab
482 696 547 750 eo,
569 695 656 757 quem
675 691 707 735 tu
723 694 816 749 unum
834 676 856 733 i1

205 760 375 841 probiorem
392 756 472 831 effe,
492 757 579 838 quim
598 774 651 829 te,
670 774 856 836 nonnumqua

205 839 281 901 soles
295 838 448 911 confiteri3
465 838 537 898 alter
549 838 604 896 tuis
617 835 764 907 consiliis,
782 835 835 895 illo
848 851 856 894 1

208 940 277 980 men
295 916 477 999 adjuvante)
498 938 620 997 quaero‚
637 918 686 998 qui
708 916 805 995 possis
820 934 856 975 eo

208 1021 282 1079 quos
302 1001 419 1060 crimine
440 996 617 1078 conjungis,
642 994 813 1057 testimonio
834 994 856 1055 d

209 1079 341 1161 jungere.

251 1181 301 1233 42.
319 1159 487 1219 Extremum
500 1157 571 1217 illud
584 1155 646 1229 est,
666 1155 748 1238 quod
760 1155 832 1215 mihi
843 1176 856 1215 a

210 1255 241 1298 te
259 1239 426 1320 responderi
443 1239 534 1299 velim
550 1257 558 1295 z
574 1257 663 1318 quum
681 1236 772 1295 multa
789 1236 821 1294 in
837 1235 856 1295 A

211 1318 390 1378 binovanum
405 1318 443 1378 de'
455 1319 693 1398 praevaricatione
706 1316 838 1387 diceres,

211 1398 341 1472 xerffne,
359 1418 415 1460 nec
431 1399 483 1457 tibi
496 1396 629 1477 placuisse
642 1442 651 1470 ,
667 1417 721 1458 nec
738 1398 856 1476 oportui

213 1477 343 1538 Sextium
362 1478 400 1538 de
421 1481 451 1537 vi
468 1498 550 1537 reum
569 1476 654 1538 fieri?
678 1477 780 1558 quivis
800 1476 856 1615 le&

211 1561 318 1638 quovis
335 1559 453 1618 crimine
469 1558 658 1618 accusandum
676 1559 774 1638 potihs
789 1556 830 1618 fui
853 1585 856 1604 ·

213 1641 302 1698 etiam
319 1638 390 1698 illud
408 1638 512 1699 dixeris
523 1683 534 1712 ‚
545 1638 656 1698 causam
676 1638 819 1711 Milonis,
832 1635 856 1696 f<

213 1719 314 1778 tissimi
331 1721 408 1793 viri,
433 1717 617 1797 conjuniiam
636 1739 702 1778 cum
722 1719 780 1778 hoc
801 1718 856 1778 exii

214 1800 311 1859 mari?
335 1821 399 1878 quae
417 1821 472 1879 pro
494 1819 542 1859 me
563 1821 580 1858 a
601 1797 700 1859 Sextio
721 1797 797 1858 fasta
817 1799 856 1856 sio

211 1878 374 1940 ,boniseffe
390 1880 488 1962 grata?
507 1879 578 1938 Non
593 1900 720 1960 coarguo
737 1875 856 1938 inconst:

215 1962 287 2019 tiam
311 1962 471 2032 orationis,
500 1981 532 2018 ac
558 1957 712 2019 testimonii
737 1960 789 2018 tui.
816 1957 856 2038 Q¹

216 2043 295 2099 enim
317 2038 401 2119 hujus
424 2039 552 2100 aeiiones
575 2041 710 2120 probatas
735 2039 821 2098 bonis
845 2058 856 2099 ε

216 2119 310 2191 dicis,
330 2123 359 2178 in
378 2139 426 2180 eas
444 2120 571 2200 pluu'bus
586 2121 684 2180 verbis
704 2117 856 2178 testimoni

216 2196 307 2257 dixisti
322 2219 329 2257 τ
343 2202 459 2280 quicum
471 2218 570 2261 autem
584 2198 645 2279 ejus
660 2199 772 2258 causam
787 2200 856 2280 peri·

217 2277 336 2415 lumffue
354 2277 531 2360 conjungis,
552 2299 619 2339 eum
634 2279 749 2338 summis
770 2279 856 2339 laudii

219 2375 287 2416 extu
300 2355 351 2416 isti.
381 2357 440 2418 Sed
458 2360 515 2418 hoc
538 2381 661 2439 quaero‚
685 2381 754 2418 num
774 2359 807 2419 P.
827 2358 856 2419 S‹

217 2438 312 2511 tium,
329 2436 382 2517 quA
399 2439 465 2520 lege
482 2438 670 2499 accusandum
684 2442 806 2500 omnino
822 2438 855 2498 fu

217 2527 331 2598 negas3
355 2537 390 2577 ea
408 2518 473 2601 lege
493 2520 682 2579 condemnari
702 2537 788 2599 putes
811 2541 856 2599 opi

218 2597 305 2658 tere?
324 2615 394 2671 aut,
413 2602 437 2658 si
452 2617 482 2659 te
496 2603 524 2658 in
541 2598 707 2660 testimonio
720 2599 830 2660 consuli
844 2621 856 2658 1

217 2677 275 2749 lis,
300 2698 338 2737 ne
358 2679 427 2760 quid
445 2680 497 2740 tibi
516 2679 687 2740 auiioritatis
707 2703 724 2739 a
742 2699 792 2740 me
810 2680 856 2738 tril

219 2773 282 2816 tum
299 2757 355 2817 effe
370 2761 501 2820 videatur
514 2766 524 2833 '‚
544 2759 683 2822 dixerisne
697 2763 726 2820 in
741 2779 809 2820 eum
823 2776 855 2818 te

220 2839 350 2897 monium
369 2839 405 2900 de
423 2841 477 2913 vi,
496 2859 583 2920 quem
601 2844 713 2924 negaris
730 2860 814 2904 reum
834 2861 855 2900 o

221 2915 291 2976 nino
308 2917 344 2980 de
358 2921 388 2980 vi
404 2919 466 2983 fieri
483 2918 637 3003 debuiffe?
