2117 3942
186 371 245 457 580
393 369 642 430 Nouum

219 486 273 536 417
284 505 292 531 ,
304 483 348 522 2ο.
362 468 484 522 Terrarum
498 467 551 535 effe.
568 470 692 521 Voculam
702 470 746 538 effe
760 468 856 524 Graevius

182 546 281 604 omisit,
300 561 369 611 quarn
387 543 482 594 servant
503 542 612 592 codices.

219 632 292 679 421,
315 633 341 678 4.
362 617 404 666 Aa
422 615 553 666 memoriam
574 613 712 682 reipublicae
734 616 857 666 moralrt.

181 688 266 756 Vulgi
284 686 419 755 reservabat
433 723 442 747 ,
462 689 488 739 δι
504 688 528 737 ld
547 687 645 754 quidem
660 689 756 739 habent
773 690 859 739 codices

181 762 255 812 noslri
266 779 273 812 ι
286 762 327 812 sed
344 761 467 814 Rubenius
487 761 510 810 in
529 760 613 810 cledis
630 760 733 811 testatur
751 762 775 811 in
791 762 859 813 veteri

181 834 270 885 codice
291 835 340 903 legi
359 833 503 890 revocabat,
523 849 576 900 quae
593 849 645 884 vox
665 834 697 883 de
716 835 813 886 homine
828 835 860 884 se·

181 907 296 957 mianimo
313 906 397 957 melitis
418 907 512 956 dicitur.

219 995 291 1042 422,
309 995 332 1042 5.
357 980 401 1030 Aa
422 979 517 1029 balneas
535 977 632 1029 Senias.
650 979 689 1029 lta
708 979 809 1032 Gruteri
823 992 859 1032 c'o·

183 1051 251 1103 dices
270 1055 296 1105 ὃ(
312 1052 403 1110 nostri,
421 1070 465 1118 pro
485 1051 584 1118 vulgato
602 1050 710 1102 Xenias.

220 1139 292 1188 4²3·
312 1125 337 1174 8.
355 1124 533 1196 Quadramarid
549 1122 596 1171 illd
610 1126 795 1191 pemutorione.
806 1126 859 1174 Nar·

182 1198 220 1246 rit
239 1196 380 1248 Plutarchus
397 1197 522 1264 quemdam
538 1196 722 1246 adolescentem
736 1200 761 1247 in
775 1197 859 1248 Clodio

181 1270 278 1320 loculos
297 1287 341 1336 pto
356 1270 456 1320 nummis
473 1268 594 1336 argenteis
612 1270 759 1334 quadrantes
776 1286 859 1327 erens,

180 1340 254 1408 slupri
275 1342 430 1401 mercedem,
454 1341 549 1392 misisse.
635 1359 637 1365 ·

219 1429 293 1477 424,
319 1429 361 1478 17.
383 1414 460 1486 Quint
479 1415 500 1464 si
519 1410 660 1480 tradidiffee.
677 1413 716 1463 lta
734 1430 790 1464 curn
807 1414 859 1462 duo·

179 1487 226 1536 bus
253 1485 345 1538 Graevii
368 1487 491 1537 codicibus
516 1501 579 1536 unus
603 1502 618 1536 c
640 1483 739 1536 nostris.
766 1484 856 1553 Vulgi,

178 1558 249 1626 qudm
265 1559 287 1608 εἰ
303 1577 351 1608 non
369 1556 511 1626 retraxr'ffet.

219 1645 293 1695 427,
317 1645 358 1682 12.
377 1634 428 1681 Aur
454 1629 546 1697 quastio
565 1625 673 1696 sublata.
699 1629 786 1694 Quaeri
805 1630 858 1680 enin

181 1701 302 1754 deservis
320 1703 468 1764 manumissis
490 1720 539 1752 non
559 1702 660 1753 licebat.
680 1702 720 1753 Sic
736 1705 808 1753 haber
823 1720 858 1751 co·

181 1775 229 1825 dex
247 1793 261 1826 e
279 1775 361 1825 nolitis
380 1776 502 1842 optimus,
521 1785 550 1825 ur
568 1774 649 1825 voluit
668 1775 808 1835 Manutius,
820 1791 858 1841 pro

180 1848 281 1914 vulgato
294 1845 430 1916 sublevata.
494 1878 497 1883 ·

217 1921 291 1984 436,
310 1936 351 1970 ιο.
374 1920 465 1993 Quibus
482 1937 534 1970 eros
549 1918 653 1988 ignotus.
671 1920 771 1974 Vitiosi
784 1921 860 1986 vulga·

179 1992 217 2050 ti,
238 1993 318 2059 quibus
337 2009 388 2042 erar
408 1995 511 2062 ignotus.

216 2067 269 2128 438
283 2100 290 2124 ,
312 2081 354 2114 21.
370 2065 446 2136 Quam
457 2083 507 2114 cum
517 2064 624 2114 Antonio
636 2065 810 2114 communicavi.
826 2063 859 2111 ln

179 2138 278 2200 quidem
299 2139 351 2187 libri
373 2151 492 2188 veteres:
507 2138 548 2186 sed
565 2135 708 2188 Hotomano
726 2156 775 2188 non
790 2137 860 2202 displi-

179 2219 219 2255 cet
238 2209 346 2258 lambini
368 2211 526 2275 conjeslura,
544 2211 694 2259 commutavi.

214 2292 265 2341 443
281 2312 288 2336 ,
310 2295 354 2341 23.
374 2281 519 2346 AEquarum.
529 2315 537 2329 .
547 2317 553 2331 .
563 2278 733 2347 mensulam.
752 2283 858 2347 Displicet

177 2365 229 2400 vox
244 2365 356 2418 aquatum
371 2368 378 2401 :
393 2354 449 2417 quid
465 2355 485 2401 si
503 2356 611 2421 legamus
629 2371 738 2420 aequum,
756 2359 800 2407 hoc
813 2353 857 2409 css,

177 2424 331 2474 commodum
349 2425 378 2478 δι,
391 2425 513 2474 laventem
532 2427 557 2474 in
572 2425 695 2476 omnibus.

214 2513 287 2560 447,
309 2513 349 2546 rt.
370 2496 399 2546 In
419 2499 462 2547 hoc
478 2497 570 2563 majali.
590 2500 625 2548 lta
642 2514 673 2548 ex
691 2499 790 2551 Isidoro
804 2500 860 2547 hunc

177 2571 259 2620 locum
278 2570 366 2620 citante
386 2570 492 2636 reposuit
514 2568 660 2630 Gruterus,
682 2590 730 2638 pro
751 2574 844 2640 vulgato

177 2641 263 2693 induc
281 2641 380 2693 animos
853 2688 859 2710 ,

215 2716 289 2777 448,
311 2732 334 2779 5.
354 2714 462 2766 Barbrro
479 2714 594 2782 Epicuro.
611 2715 647 2764 lta
666 2715 808 2768 Memmirni
825 2732 860 2769 co.

179 2785 265 2846 dices,
283 2789 354 2855 idque
370 2789 433 2838 resse
449 2789 548 2853 praesert
564 2788 693 2839 leubinus
709 2791 798 2843 Faerui
810 2805 859 2838 con.

179 2859 299 2928 jeslurae,
318 2860 417 2911 barbaro
437 2860 565 2927 Epicureo.

218 2946 290 2994 449,
313 2949 358 2987 20.
379 2933 409 2984 In
431 2949 486 3000 toga
507 2946 633 3000 praetcxra.
660 2933 699 2983 lta
728 2935 858 2988 Turnebus·

182 3004 280 3061 Vitios'e
298 3007 414 3076 vulgati,
435 3007 460 3056 in
479 3020 536 3075 toga
558 3005 723 3074 &praetextu

75 3253 206 3402 Ὗ

331 3344 338 3371 l
