2117 3942
883 349 926 361 ”C

199 419 281 514 '368
331 418 402 489 Da
425 421 746 489 Pnorrrrcrrs

198 533 335 596 oonfetlis
355 535 489 594 omnibus
515 536 663 594 maritimis
687 529 889 596 terrestribus·

239 634 256 675 e
274 615 375 689 bellis,
392 614 630 696 supplicationem
646 615 750 675 decem
768 615 882 673 dierum

222 693 387 777 ecrevislis)
400 695 461 754 sum
475 693 533 754 Cn.
547 694 680 774 Pompeii
691 699 831 754 virtutem
848 694 889 765 δι,

198 777 286 834 animi
309 776 536 858 magnitudinem
563 775 746 847 admiratus,
776 773 882 854 quod,

197 875 287 936 quum
302 856 361 936 ipse
379 858 481 916 ceteris
495 856 629 914 omnibus
645 854 714 915 effet
726 856 809 913 omni
826 854 883 913 ho-

199 956 273 995 nore
295 936 459 1007 antelatus,
483 936 654 1015 ampliorem
672 936 818 994 honorem
836 934 883 993 al-

199 1018 256 1077 teri
270 1015 433 1088 tribuebat,
446 1015 532 1096 quim
548 1015 607 1095 ipse
624 1033 685 1075 erat
699 1014 882 1075 consecutus.

199 1095 280 1180 Ergo
298 1099 327 1156 in
342 1097 390 1157 illa
408 1095 733 1177 supplicatione,quam
751 1115 810 1177 ego
829 1095 884 1155 de·

198 1181 303 1251 crevi,
319 1197 365 1238 res
381 1177 439 1257 ipsa
456 1177 559 1235 tributa
578 1173 618 1236 est
638 1176 690 1235 diis
705 1177 883 1236 immortali·

200 1260 275 1330 bus,
288 1258 319 1318 &
335 1255 476 1339 majorum
491 1255 639 1328 institutis,
653 1257 685 1315 &
699 1258 815 1316 utilitati
826 1257 884 1316 rei·

200 1339 344 1421 publicae:
363 1338 412 1398 sed
431 1337 551 1418 dignitas
572 1336 751 1408 verborum,
764 1336 881 1409 honos,

200 1421 234 1481 δι
250 1418 384 1490 novitas,
401 1418 432 1477 &
456 1436 590 1476 numerus
610 1417 743 1490 dierum,
763 1414 882 1477 Cesaris

200 1501 288 1581 ipsius
306 1498 380 1556 laudi
402 1497 558 1580 gloriaque
577 1495 726 1556 concellus
740 1494 792 1556 esi.

241 1578 289 1640 28.
311 1577 444 1637 Relatum
463 1575 504 1636 est
523 1574 560 1634 ad
581 1597 636 1634 nos
657 1595 750 1656 nuper
772 1575 810 1636 de
829 1573 890 1635 sti-·

199 1659 310 1741 pendio
325 1655 482 1719 exercitus:
498 1677 558 1716 non
572 1656 690 1716 decrevi
703 1655 797 1717 sollrm
809 1701 818 1727 ,
830 1655 882 1716 sed

199 1742 316 1812 etiarn,
339 1755 371 1797 ut
398 1759 453 1798 vos
481 1735 701 1807 decerneretis,
724 1735 880 1796 laboravi:

198 1820 289 1881 multa
315 1816 538 1878 dissentientibus
557 1816 691 1898 respondi
706 1816 886 1876 :scribendo

200 1897 267 1959 affui
287 1920 295 1957 ε
318 1915 380 1958 tum
405 1917 522 1980 qnoque
550 1897 661 1957 homini
685 1897 750 1977 plus
774 1897 881 1970 tribui,

200 1979 288 2059 quim
307 1978 469 2040 nesciocui
492 1980 651 2038 necessitati
671 1997 678 2034 t
698 1977 781 2034 illum
803 1979 881 2036 enim

199 2059 376 2132 arbitrabar,
394 2062 482 2119 etiam
500 2060 561 2117 sine
576 2059 633 2117 hoc
649 2056 883 2137 subsidiopetu·

200 2141 276 2209 niae‚
287 2142 411 2199 retinere
425 2138 580 2199 exercitum
613 2136 689 2196 raedt
701 2138 768 2195 ante
781 2136 882 2216 parti,

199 2215 356 2291 &bellum
372 2217 516 2278 conficere
532 2214 571 2298 po
594 2239 634 2278 et
643 2216 692 2276 sed
706 2217 796 2276 decus
811 2217 882 2276 illud

199 2292 236 2352 δι
247 2313 451 2356 ornamentum
464 2298 601 2378 triumphi
611 2297 799 2356 minuendum
812 2318 892 2356 nos--

196 2370 243 2428 tri
257 2373 437 2457 parcimonid
453 2397 514 2434 non
531 2379 642 2459 putavi.
659 2374 767 2436 Assum
786 2374 826 2437 esl
844 2376 883 2437 de

196 2450 309 2510 decerit
322 2451 444 2534 legatis,
459 2474 534 2535 quos
550 2457 596 2516 alii
613 2459 734 2518 omnino
752 2477 814 2516 non
830 2457 883 2516 da-

253 2596 257 2601 ,
276 2531 358 2603 prelii
377 2536 512 2620 exempla
530 2538 719 2617 quaerebant,
740 2537 788 2595 alii
805 2548 893 2597 tem-'

251 2607 467 2690 differebant,
488 2617 534 2679 alii
552 2621 613 2678 sine
636 2617 699 2676 ullis
724 2617 883 2677 verborum

258 2695 380 2759 ¹mentis
398 2695 525 2757 dabant:
544 2699 574 2757 in
596 2719 632 2758 ea
652 2717 768 2776 quoque
792 2717 822 2757 re
841 2701 884 2756 sic

259 2762 412 2849 tistitus,
432 2795 464 2837 ut
480 2798 584 2838 omnes
596 2777 814 2858 intelligerent,
833 2799 884 2838 rne

247 2849 347 2918 “quod
365 2857 532 2937 reipublicae
553 2858 636 2917 carst
654 2855 816 2930 sentirem,
836 2857 885 2915 fa·

214 2921 398 3060 temltberilts
411 2955 534 3020 propter
547 2939 635 3021 ipsius
652 2935 770 3003 caesaris
788 2937 885 3022 digui-¹
