2117 3942
279 377 335 430 ru
359 361 399 431 L.
423 328 669 429 Pisonum,
730 356 810 450 '489

153 473 441 557 xpaffimlacparva,
454 474 594 536 scelerum
613 474 646 537 dc
662 472 815 536 crudelita-

153 575 344 717 atuaessenus
358 555 531 617 universum.
612 558 614 563 '

174 635 224 696 86.
273 637 320 697 uid
337 634 484 708 avaritia,
504 655 569 714 quae
587 635 750 696 criminibus
761 637 812 696 in·

153 717 221 776 nitis
234 717 379 797 implicata
392 715 454 790 est,
469 715 610 775 summam
624 737 699 776 nunc
717 717 814 797 expli·

153 795 222 859 emi
246 796 418 858 Generatim
438 815 492 868 ea,
555 815 579 853 ae
603 796 726 855 minime
743 813 815 859 nota

153 893 218 950 rnt,
237 877 341 936 dicant.
362 875 474 936 Nonne
486 873 515 935 se
540 875 644 934 ertium
654 876 763 937 centies
778 879 814 938 &

156 956 205 1016 dio
226 957 285 1029 es,
300 955 398 1038 quod,
416 957 497 1036 quasi
510 953 610 1015 vasarii
627 957 766 1029 nomine,
784 958 815 1018 iu

153 977 307 1098 endidione
334 1037 393 1097 mei
416 1037 515 1116 capitis
543 1033 751 1117 adscripscrat,
777 1056 815 1097 ex

153 1119 238 1177 erario
257 1117 308 1176 tibi
327 1116 512 1189 attributum,
528 1114 633 1176 Romae
653 1117 685 1174 in
708 1114 817 1196 quaestu

153 1193 297 1276 eliquisti?
320 1214 419 1256 nonne
446 1199 534 1277 quum
556 1213 614 1255 cc.
637 1195 745 1257 talenta
763 1196 818 1257 tibi

153 1277 337 1358 lpolloniatae
343 1276 448 1338 Roma
461 1273 619 1348 dediffem,
631 1295 670 1336 ne
680 1279 819 1358 pecunias

154 1356 260 1418 reditas
280 1355 445 1431 solverent,
462 1356 540 1416 ultro
555 1355 719 1430 Fufidium,
733 1358 823 1438 equi-

154 1457 203 1498 em
218 1436 402 1511 Romanum,
421 1438 574 1505 hominem
587 1438 820 1511 ornatissimum,

156 1518 330 1590 teditorem,
339 1518 518 1579 debitoribus
525 1515 733 1578 suisaddixisti?
746 1539 825 1578 uon·
839 1542 842 1551 ·

154 1618 198 1671 te,
215 1597 333 1658 hiberna
348 1618 438 1678 quum
446 1598 545 1692 legato
557 1597 753 1681 praefedoque
765 1615 823 1659 tra-

154 1677 283 1752 lidiffes,
301 1675 430 1739 evertisti
445 1676 560 1736 nusctas
578 1677 706 1747 funditus¹
717 1680 821 1740 civita·

154 1779 207 1833 εις
227 1779 290 1839 quae
302 1777 365 1818 non
379 1756 474 1817 solunt
487 1756 573 1815 bonis
589 1755 652 1817 fitnt
668 1757 820 1833 exhausta,

154 1839 192 1900 'ed
209 1841 297 1899 etiam
314 1836 437 1899 nefarias
450 1835 599 1896 libidinum
618 1837 821 1914 contumelias,

155 1917 386 2000 urpirudinesque
403 1914 566 1977 subierunt?
581 1915 645 1994 Qui
653 1916 757 1976 modus
767 1920 821 1979 tibi

154 2000 196 2060 'uit
209 1998 347 2059 frumenti
357 1995 533 2058 aestimandi?
553 1999 602 2076 qui
616 1995 783 2056 honorarii?
800 2000 824 2059 si

154 2079 261 2162 luidem
281 2077 376 2159 potest
392 2081 423 2137 vi
444 2078 475 2137 &
491 2093 571 2136 metu
588 2093 752 2150 extortum,
769 2078 824 2138 ho·

154 2162 290 2219 torarium
306 2158 466 2218 nominari:
482 2156 562 2237 quod
581 2177 671 2237 quum
689 2161 823 2241 peraeqttd

154 2259 270 2310 omnes,
287 2256 348 2297 tum
359 2236 539 2299 acerbissime
549 2236 657 2298 B‘oeotii
669 2239 701 2300 &
709 2237 826 2320 Byzan·

154 2323 200 2393 ii,
232 2317 468 2393 crotonenses,
493 2314 695 2380 Thellblonica
715 2322 822 2381 sensit:

154 2421 218 2460 mus
236 2420 268 2459 tu
289 2400 447 2474 dominus,
468 2402 541 2458 un'us
558 2397 730 2474 aestimator,
752 2420 830 2459 unua

154 2481 304 2552 uenditor,
329 2497 390 2540 tota
411 2485 441 2540 in
466 2481 636 2558 provincia,
661 2499 715 2561 per
733 2480 830 2540 trien·

154 2563 249 2628 nium,
270 2557 406 2619 frumenti
425 2560 521 2619 onmis
535 2555 621 2617 fuisti.

188 2635 354 2697 xxxv1.
374 2638 456 2718 Quid
477 2657 533 2718 ego
550 2655 647 2696 rerum
663 2637 831 2717 capitalium

155 2715 460 2800 quastiones‚reorum
469 2715 617 2797 paffiones
629 2761 639 2789 ,
652 2718 752 2778 tedem
774 2720 829 2779 tio·

155 2819 222 2869 nes,
242 2797 437 2858 acerbissimas
453 2799 677 2872 damnationes,
691 2740 835 2860 libidino-

155 2879 275 2942 rissitnat
283 2877 467 2944 liberationes
476 2875 646 2962 proferam?
663 2881 835 3020 ιῖίιπίιιηῑας

714 2982 736 3025 V
