2117 3942
308 413 417 482 Pno
447 413 489 481 P.
520 416 736 485 Samo.
796 418 872 512 187

191 527 281 589 modb
296 527 327 590 id
341 527 480 610 consequi
539 546 625 604 tero,
640 544 673 590 ut
688 532 717 588 in
732 529 785 590 ltac
800 551 876 592 con·

192 608 245 670 {usa
267 623 360 690 atque
383 610 514 669 univesa
538 610 733 682 defensione,
759 611 829 670 nihil
854 632 889 673 a.

190 709 249 762 me,
267 689 352 770 quod
366 689 404 749 ad
417 687 543 750 vestram
558 689 763 772 questionem
781 690 874 767 nihil,

190 770 262 850 quod
278 769 318 829 ad
331 789 440 864 feum3
459 771 549 843 nihil,
566 771 646 865 quod
662 769 698 832 ad
715 771 874 852 rempubli-

189 848 871 1012 ututzt;„ustusutlusa:

136 1018 139 1091 l
189 1011 405 1082 lascivitatis,
426 1026 512 1090 atque
536 1014 566 1070 in
585 1012 672 1070 ruinis
692 1009 800 1071 eversae
824 1029 871 1070 at-

136 1104 139 1119 '
189 1111 237 1170 que
253 1087 368 1150 afflietae
387 1091 570 1170 reipublicae,
588 1089 622 1149 P.
638 1089 727 1150 Sextii
743 1091 872 1150 tribuna·

136 1156 140 1199 ·'
188 1186 224 1230 tus
242 1168 284 1231 ell
295 1192 317 1248 ,a
332 1168 450 1230 fortuna
466 1167 526 1250 ipsa
542 1170 725 1242 collocatus3
745 1189 805 1228 non
821 1188 873 1253 ag·

189 1249 297 1331 grediat
311 1248 354 1309 ad
375 1249 424 1313 illa
441 1251 567 1311 maxima
589 1266 677 1331 atque
696 1249 872 1329 amplissime

204 1332 283 1403 rins,
308 1327 398 1411 quim
423 1329 578 1404 docuero,
602 1331 705 1411 quibus
725 1330 811 1389 initiis
836 1348 872 1390 ac

231 1411 378 1470 (intuentis
406 1408 450 1469 ba
476 1426 563 1471 tante
589 1408 705 1471 summis
728 1411 758 1469 in
784 1407 873 1471 rebus

187 1490 280 1550 laudes
295 1491 429 1551 excitata
443 1492 508 1550 sint.

219 1568 289 1631 Ill.
312 1567 437 1630 Parente
455 1568 486 1630 P.
506 1568 620 1632 Sextius
637 1584 719 1630 natus
737 1565 802 1643 eil,
822 1565 871 1649 jn·

187 1650 285 1725 tices,
306 1649 451 1724 homine,
474 1666 505 1709 ut
546 1651 657 1732 letique
675 1647 841 1711 meministis
859 1695 872 1725 ,

186 1731 215 1792 u
233 1730 390 1813 sapiente,
415 1730 448 1790 δι
467 1672 591 1805 fando,
616 1730 649 1790 &
667 1729 796 1790 levero:
817 1731 869 1811 qui

185 1830 272 1893 quum
289 1809 421 1870 tribunus
443 1810 662 1891 plebis'primus
680 1811 755 1869 intes
771 1808 870 1869 bonn-

185 1911 231 1952 nes
249 1891 450 1951 nobilissimos
465 1891 646 1970 temporibus
668 1891 783 1970 optimis
803 1888 869 1948 fac-

184 1987 225 2031 tus
242 1970 337 2044 elles,
359 1970 475 2051 reliquis
493 1970 654 2029 bonoribus
669 1990 730 2029 non
749 1985 811 2027 tant
827 1973 871 2030 oti

183 2053 304 2125 voluit,
329 2050 418 2132 quim
438 2050 540 2131 dignus
559 2050 662 2110 videri.
688 2048 732 2109 Eo
751 2048 869 2109 auctore

184 2132 262 2192 duxit
279 2128 472 2191 honestissimi
493 2132 525 2191 &
542 2128 736 2211 spedatissimi
754 2131 809 2189 viri
829 2127 871 2191 C.

184 2213 285 2273 Albini
305 2209 421 2282 filiam3
446 2232 482 2271 ex
503 2233 560 2291 qua
581 2211 628 2270 hic
653 2208 695 2269 est
714 2230 808 2291 puer,
834 2211 868 2271 &

183 2309 271 2373 nupta
296 2289 356 2369 jam
381 2289 450 2353 filia.
475 2289 601 2351 Duobus
625 2291 668 2351 his
693 2292 870 2374 gravissimae

183 2374 358 2455 antiquitatis
371 2373 440 2432 viris
453 2373 491 2430 sic
505 2373 642 2452 probatus
655 2371 728 2443 fuit,
746 2388 777 2430 ut
792 2373 866 2428 utri-

186 2472 240 2534 que
259 2473 363 2513 eorum
377 2453 501 2512 &carus
517 2452 662 2526 maximi,
680 2453 711 2511 ὃ(
725 2447 868 2529 jucundus

187 2532 266 2594 esset.
287 2533 411 2593 Ademit
427 2530 535 2592 Albino
554 2533 646 2594 soceri
663 2548 774 2590 nomen
789 2547 872 2586 mors

184 2611 270 2687 filiae,
294 2611 345 2676 sed
366 2613 512 2675 caritatem
534 2612 608 2672 illius
628 2606 870 2678 necessitudinis,

186 2693 476 2758 &benevolentiam
490 2713 550 2750 non
568 2691 677 2750 ademit
695 2710 702 2746 ι
722 2686 811 2746 hodie
827 2687 867 2745 sic

185 2773 258 2833 bunc
278 2774 396 2855 diligit,
413 2789 445 2831 ut
463 2793 518 2833 vos
538 2770 672 2830 facillime
693 2763 810 2848 potestis
830 2786 867 2829 ex

185 2853 235 2914 hac
251 2855 302 2916 vel
316 2853 482 2914 assiduitate
497 2849 559 2930 ejus
574 2895 584 2926 ‚
598 2849 649 2913 vel
663 2846 870 2922 sollicitudine,

186 2935 216 2997 ds
232 2933 366 3000 molestia
379 2932 517 3016 iudicate.
